2512 3824
148 174 191 239 ’18
357 192 360 199 ’
499 171 677 229 POMPONII
694 171 819 228 MELAE

87 352 137 404 101
150 359 231 422 quas
249 335 450 420 Hesperidas
469 335 612 400 tenuisse
631 340 837 401 memoratur.
869 335 904 399 in
922 333 1054 398 harenis
1073 356 1171 400 mons

150 429 202 490 est
229 425 339 503 Atlas,
373 423 412 489 de
440 445 475 488 se
503 444 715 510 consurgens,
746 445 858 502 verum
887 422 998 488 incisis
1026 423 1169 507 undique

104 524 107 529 '
149 514 285 598 rupibus
309 533 474 597 praeceps,
496 513 613 596 invius,
636 516 670 576 et
693 534 758 596 quo
781 511 887 596 magis
913 511 1020 597 surgit
1044 511 1169 596 exilior,

149 603 206 686 qui
229 601 317 686 quod
340 601 439 666 altius
462 623 560 685 quam
584 601 727 684 conspici
748 603 860 684 potest
877 621 979 683 usque
1003 604 1038 664 in
1055 599 1169 665 nubila

149 691 299 776 erigitur,
327 690 452 755 caelum
475 691 509 754 et
532 689 638 755 sidera
664 710 732 755 non
759 692 894 774 tangere
920 688 1018 754 modo
1047 689 1197 753 vertice⁵

87 795 137 846 102
149 779 205 845 sed
233 778 394 844 sustinere
422 799 549 861 quoque
577 778 683 843 dictus
717 780 775 842 est.
826 779 940 842 contra
968 775 1169 842 Fortunatae

147 867 276 932 insulae
300 866 466 932 abundant
489 887 547 930 sna
571 868 686 950 sponte
714 865 845 950 genitis,
874 869 908 929 et
931 865 1067 930 subinde
1093 865 1168 930 aliis

148 977 245 1040 super
269 955 351 1020 alios
369 954 614 1020 innascentibus
632 953 715 1020 nihil
734 954 893 1019 sollicitos
913 954 1017 1038 alunt,
1039 953 1168 1018 beatius

148 1067 246 1128 quam
280 1043 364 1107 aliae
396 1042 495 1107 urbes
527 1044 682 1108 excultae.
736 1065 801 1107 una
834 1042 995 1126 singulari
1030 1041 1168 1107 duorum

146 1133 289 1198 fontium
311 1131 444 1216 ingenio
467 1133 608 1197 maxime
631 1131 786 1217 insignisr
814 1130 953 1196 alterurn
977 1131 1033 1216 qui
1056 1133 1208 1215 gusta-1⁰

147 1242 223 1286 vere
245 1220 315 1284 risu
338 1220 512 1284 solvuntur
533 1221 568 1285 in
586 1223 738 1304 mortem3
761 1219 810 1284 ita
834 1219 969 1285 adfectis
988 1219 1168 1284 remedium

87 1312 199 1376 103est
231 1330 270 1373 ex
298 1308 400 1372 altero
434 1308 553 1374 bibere.
606 1309 646 1373 ab
675 1329 713 1373 eo
741 1311 850 1373 tractu
879 1328 974 1391 quern
1001 1307 1091 1372 ferae
1119 1308 1167 1372 in-

147 1397 271 1462 festant
293 1396 434 1479 proximi
457 1400 535 1462 sunt
556 1395 816 1480 Himantopodes
831 1395 951 1460 inflexi
974 1396 1074 1462 lentis
1098 1417 1168 1462 cru*

147 1486 248 1570 ribus,
267 1506 348 1568 quos
368 1506 498 1568 serpere
515 1485 625 1569 potius
646 1506 743 1569 quarn
761 1484 890 1569 ingredi
908 1484 1069 1568 referunt,
1092 1485 1168 1552 dein

146 1574 312 1658 Pharusii,
340 1573 513 1658 aliquando
541 1574 694 1639 tendente
723 1573 764 1638 ad
791 1571 993 1658 Hesperidas
1022 1571 1164 1638 Hercule
1180 1587 1207 1629 15

146 1663 244 1748 dites,
272 1684 359 1728 nunc
386 1662 515 1745 inculti,
543 1667 576 1727 et
603 1663 669 1728 nisi
697 1662 783 1747 quod
811 1683 928 1746 pecore
957 1661 1088 1726 aluntur
1111 1662 1167 1726 ad·

85 1767 137 1817 104
146 1752 279 1816 modum
310 1751 434 1833 inopes.
483 1750 561 1815 hine
587 1751 654 1816 iam
674 1750 841 1814 'laetiores
873 1751 946 1834 agri
975 1750 1167 1832 amoenique

147 1840 251 1903 saltus
280 1839 361 1903 citro
389 1838 574 1903 terebintho
604 1839 700 1903 ebore
729 1837 905 1903 abundant.
958 1837 1166 1923 Nigritaruur

147 1925 424 2010 Gaetulorumque
452 1927 578 2010 passim
609 1927 802 2013 vagantium
833 1948 874 1992 ne
905 1928 1004 1993 litora
1035 1927 1166 2011 quidem

145 2015 320 2082 infecunda
347 2019 436 2100 sunt,
468 2038 612 2101 purpura
643 2019 676 2080 et
707 2016 828 2081 murice
860 2015 1095 2082 efficacissimis
1124 2017 1165 2081 ad
1179 2032 1207 2074 20

84 2120 135 2170 105
145 2105 348 2189 tingendum,
372 2108 405 2169 et
422 2105 542 2188 ubique
566 2127 648 2190 quae
666 2105 792 2169 tinxere
812 2105 1003 2171 clarissima.
1038 2105 1169 2188 reliqua

145 2196 196 2256 est
224 2214 282 2259 ora
308 2192 532 2258 Mauretaniae
561 2193 715 2276 exterior,
743 2197 776 2257 et
803 2193 838 2257 in
866 2193 965 2258 finem
993 2193 1044 2258 sui
1074 2193 1167 2258 fasti·

103 2306 116 2320 ⁸
145 2281 254 2366 gantis
284 2301 318 2346 ee
345 2279 476 2345 Africae
504 2281 700 2348 novissimus
730 2282 883 2366 angulus,
914 2281 1018 2347 isdem
1048 2281 1165 2366 opibus

145 2369 202 2434 sed
224 2370 332 2434 minus
362 2369 459 2435 dives.
504 2374 647 2435 ceterum
675 2370 746 2435 solo
776 2371 872 2435 etiarn
898 2371 998 2436 ditior
1026 2373 1059 2435 et
1083 2371 1165 2436 adeo

144 2462 196 2524 est
217 2459 343 2542 fertilis,
366 2464 403 2524 ut
425 2459 558 2545 frugum
576 2480 697 2545 genera
714 2481 781 2524 non
800 2481 872 2524 cum
897 2462 1048 2525 serantur
1066 2459 1163 2525 modo
1177 2476 1204 2517 ¹⁶

144 2546 378 2632 benignissime
404 2553 565 2633 procreet,
594 2548 651 2613 sed
679 2548 836 2633 quaedam
860 2543 1042 2632 'profundat
1065 2548 1166 2613 etiam

83 2653 134 2702 106
143 2657 210 2700 non
237 2639 318 2700 sata.
367 2637 421 2702 hic
448 2635 595 2702 Antaeus
622 2657 783 2722 regnasse
810 2637 944 2722 dicitur,
974 2641 1007 2702 et
1034 2637 1165 2721 signum

145 2723 230 2808 quod
252 2723 383 2788 fabulae
402 2726 524 2789 clarum
547 2747 681 2809 prorsus
701 2725 883 2790 ostenditur
904 2725 996 2792 collis
1015 2724 1164 2790 modicus

143 2812 287 2895 resupini
320 2812 462 2878 hominis
494 2814 637 2899 imagine
667 2815 815 2898 iacentis,
847 2815 937 2879 illius
971 2817 1007 2880 ut
1037 2813 1164 2878 incolae

216 3031 240 3078 1.
258 3023 370 3078 harenis
384 3023 425 3078 A¹
444 3023 536 3078 arenis
550 3022 591 3078 A¹
664 3029 688 3078 2.
709 3021 777 3078 satis
796 3023 824 3077 A
837 3022 919 3078 Atlas
940 3024 1098 3080 Ptattanus-

143 3101 168 3150 4.
185 3101 208 3149 5.
224 3093 254 3148 in
272 3094 352 3148 nubil
365 3093 504 3165 uerigitur
517 3096 558 3149 A¹
572 3094 603 3148 in
616 3093 715 3148 nubila
729 3093 846 3163 erigitur
860 3093 900 3148 A²
973 3101 997 3152 5.
1013 3102 1037 3149 6.
1057 3094 1164 3150 vertice

144 3165 194 3222 sed
212 3166 254 3220 A¹
273 3181 340 3221 corr.
415 3173 456 3221 13.
476 3164 704 3236 seimantopodes
723 3167 750 3220 A
773 3165 999 3248 Himantopodes
1017 3167 1166 3221 Barbarus

190 3243 231 3293 15.
241 3236 356 3308 pharusi
366 3237 396 3292 A
441 3244 482 3292 18.
492 3238 583 3291 terete
597 3236 689 3291 barini
699 3238 727 3291 A
742 3235 812 3290 citro
827 3237 989 3292 terebrntho
1000 3237 1166 3292 Reinolde'ue

197 3308 359 3378 nigritarum
377 3309 406 3364 A
422 3307 598 3377 Nigr-iterum
616 3325 633 3364 e
705 3313 747 3361 21.
766 3307 954 3378 tinguendum
972 3309 1000 3362 A
1059 3305 1164 3375 ubique

145 3380 220 3447 quod
238 3379 389 3505 {hubiqppe
413 3395 484 3448 quae
508 3379 619 3434 Vossius
692 3384 734 3434 2⁷.
753 3379 822 3434 nota
840 3383 864 3432 Α
886 3396 943 3434 non
968 3380 1033 3434 sata
1053 3377 1166 3435 Vossius

208 3465 246 3501 aa
282 3466 333 3504 eus
