2512 3824
96 198 124 252 X
499 197 706 254 PRAEFATIO

96 344 284 409 novissimis
303 344 588 434 praepositionum¹
600 344 857 410 consonantibus
875 345 909 410 in
924 345 1113 429 compositis

97 436 228 517 agatur,
255 456 336 517 quas
363 433 471 517 prima
497 452 612 497 manus
640 433 761 498 centies
791 433 944 517 servavit,
973 434 1114 498 secunda

96 521 195 586 toties
227 522 461 587 assimilatione
494 541 575 606 quae
607 524 743 586 vocatur
773 522 901 588 delevit.
952 521 1112 598 Quoniam

97 612 206 674 autem
225 611 332 677 minus
352 610 528 676 verisimile
543 612 606 693 est,
627 608 793 674 hominem
806 610 971 676 indoctum
987 633 1068 676 saec.
1081 609 1113 673 X

96 699 178 764 talia
210 700 424 785 excogitasse,
457 698 629 764 secundam
657 720 790 764 manum
822 699 922 763 etiam
953 701 988 764 in
1016 701 1112 765 rebus

97 787 358 874 orthographicis
382 809 421 852 ex
443 787 533 853 fonte
557 809 615 852 suo
638 787 779 871 pendere
801 788 968 872 probatur.

164 876 254 952 Quae
273 877 383 942 omnia
397 877 425 941 si
439 876 690 959 consideramus,
708 875 814 940 facere
827 898 895 942 non
914 879 979 942 iam
998 900 1112 962 possu-

96 987 168 1029 mus
188 965 267 1050 quin
283 970 453 1049 utramque
469 986 602 1030 manum
615 964 751 1046 divensis
766 966 1003 1048 exemplaribus
1018 989 1112 1030 usam

96 1075 166 1119 esse
189 1053 381 1137 iudicemus,
409 1074 491 1138 quae
513 1056 624 1118 tamen
647 1055 684 1116 ut
706 1052 792 1118 inter
815 1074 849 1118 se
872 1053 1055 1137 propinqua
1078 1059 1111 1118 et

94 1142 236 1207 finitima
249 1142 348 1208 fuisse
363 1142 603 1224 contendamus,
617 1162 654 1206 eo
670 1141 868 1226 adducimur,
882 1142 967 1226 quod
981 1146 1015 1205 et
1030 1142 1110 1206 alios

95 1251 223 1296 errores
245 1235 278 1294 et
301 1227 480 1317 lacunasffi)
503 1230 676 1295 nonnullas
696 1230 824 1315 utrique
842 1231 952 1296 manui
971 1252 1111 1295 eommu-

94 1340 152 1383 nes
181 1340 250 1384 esse
277 1319 488 1403 percepimus.
534 1318 640 1396 Quam
668 1319 710 1384 oh
738 1341 807 1384 rem
833 1341 900 1385 non
928 1319 1067 1383 multum
1092 1342 1111 1384 a

95 1429 173 1473 vero
197 1408 365 1474 aberrasse
388 1409 544 1492 videmur,
568 1408 698 1472 cumin
722 1410 895 1473 stemmate
919 1407 1110 1492 explicando

92 1517 115 1578 y
138 1499 171 1560 et
191 1516 210 1562 a
230 1518 270 1561 ex
290 1496 401 1562 eodem
418 1496 509 1562 fonte
527 1516 550 1562 a
567 1518 716 1562 manasse
734 1497 965 1562 iudicabamus.
993 1497 1111 1562 Restat

94 1588 132 1649 ut
151 1586 190 1650 de
208 1586 326 1650 tertiae
344 1608 460 1651 manus
475 1585 669 1651 auctoritate
682 1586 782 1651 verba
795 1585 962 1651 faciamus.
986 1585 1110 1650 Verum

1 1728 2 1737 ,
92 1678 163 1738 tam
191 1695 296 1757 pauca
323 1678 399 1738 sunt
420 1679 552 1757 tamque
580 1673 747 1757 ambigua,
775 1695 857 1759 quae
885 1673 966 1738 haec
993 1695 1109 1737 manus

94 1761 165 1826 sola
187 1761 301 1845 habet,
325 1765 362 1826 ut
385 1761 464 1826 certi
485 1761 662 1845 quidquam
685 1760 810 1825 definiri
833 1783 899 1826 non
920 1761 1033 1845 possit.

183 1848 255 1915 Iam
279 1851 318 1914 de
338 1850 508 1934 archetypi
525 1854 642 1914 natura
660 1852 758 1932 atque
778 1849 977 1932 condicione,
1002 1850 1109 1933 qualis

93 1959 132 2002 ex
156 1937 277 2003 codicis
297 1938 536 2022 subscriptione
553 1959 680 2003 necnon
698 1959 737 2002 ex
754 1937 877 2022 primae
897 1941 930 2003 et
951 1939 1109 2003 secundae

94 2048 209 2092 manus
232 2027 427 2093 lectionibus
452 2027 649 2111 comparatis
676 2028 888 2112 accurateque
917 2027 1109 2092 examinatis

92 2119 264 2199 appareat,
291 2116 446 2182 iudicium
474 2115 616 2181 feramus
642 2136 774 2180 necesse
801 2118 858 2180 est.
903 2115 1013 2199 Atque
1036 2115 1109 2180 sub·
1137 2113 1142 2121 ’

93 2200 316 2289 scriptione¹³)
348 2204 425 2269 libri
456 2203 546 2268 tertii
573 2204 612 2268 fit
642 2204 864 2287 perspicuum,
896 2203 1109 2286 archetypum

93 2313 176 2357 saec.
195 2291 226 2356 V
244 2291 417 2357 Ravennae
436 2313 456 2356 a
473 2290 588 2357 Flavio
605 2289 751 2356 Rusticio
765 2291 920 2376 Helpidio
934 2290 1108 2375 Domnulo,

92 2380 279 2446 consistorii
309 2380 441 2464 comite,
468 2379 588 2445 litteris
618 2379 819 2459 maiusculis,
850 2384 888 2445 ut
921 2379 1108 2445 diiudicarit

93 2468 293 2557 Bursian14),
316 2469 535 2554 conscriptum
560 2471 593 2534 et
611 2469 818 2534 emendatum
837 2490 917 2534 esse.
955 2467 1107 2552 Singulos

92 2561 201 2622 autem
224 2581 337 2624 versus
359 2559 428 2624 eius
446 2558 586 2644 triginta
605 2559 746 2643 quinque
764 2558 891 2623 litteras
911 2558 1108 2623 continuisse

92 2647 173 2710 satis
196 2647 366 2731 ingeniosa
389 2650 439 2712 est
462 2647 603 2730 suspicio
627 2645 732 2712 Curtii
756 2646 987 2728 Wachsmuth,
1010 2668 1108 2729 quam

92 2755 219 2799 mecum
238 2735 489 2801 communicavit
504 2735 554 2799 vir
569 2734 785 2818 doctissimus,
804 2756 842 2799 eo
855 2735 1003 2819 probata,
1023 2734 1108 2818 quod

92 2844 174 2907 quae
202 2823 364 2890 adduntur
388 2824 406 2890 I
428 2823 471 2889 56
499 2827 533 2888 et
558 2823 676 2889 11186
704 2844 802 2888 manu
830 2822 969 2888 secunda
996 2821 1032 2885 in
1058 2822 1107 2886 in-

91 2912 208 2977 feriore
231 2914 379 2998 margine
406 2911 544 2994 triginta
573 2912 716 2996 quinque
738 2911 856 2977 litteris
884 2910 947 2990 (ΠΙ
971 2911 1014 2977 86
1038 2912 1107 2995 psis

93 3029 136 3052 =
155 2999 272 3086 persis)
292 3005 456 3085 constant,
479 3001 527 3065 ita
545 3001 650 3066 uthis
668 3001 808 3084 primam
828 3021 962 3064 manum
980 3001 1032 3066 vel
1049 3023 1107 3084 po·

164 3194 208 3260 12)
227 3210 253 3248 v.
272 3193 357 3263 paulo
375 3193 456 3248 infra.

164 3265 208 3334 13)
226 3282 253 3320 v.
271 3263 418 3320 Michaelis
436 3264 456 3319 l.
474 3264 493 3318 l.
514 3263 545 3320 0.
564 3264 651 3330 Jahn,
670 3263 799 3319 Berichte
818 3263 868 3318 der
887 3263 975 3318 sache.
996 3260 1058 3316 Ges.
1078 3260 1105 3317 d.

91 3333 175 3391 Wiss.
194 3334 343 3405 phil-hist.
364 3334 404 3390 01.
425 3339 491 3390 1851
511 3353 539 3406 p.
559 3340 611 3390 345
627 3352 688 3404 sqq.
720 3332 839 3390 Bursian
856 3334 875 3389 l.
894 3334 912 3388 l
931 3351 959 3402 p.
979 3337 1040 3386 632.

165 3410 209 3473 14)
228 3404 247 3462 1.
265 3406 285 3460 1.
305 3425 331 3477 p.
352 3411 403 3461 632
428 3404 594 3476 conuptelis
615 3405 714 3461 doctus
738 3404 912 3476 (saepissime
932 3402 956 3457 0
972 3405 1001 3458 et
1020 3401 1058 3471 G,
1077 3401 1110 3455 F

74 3473 110 3520 εί
122 3472 165 3522 Ε
175 3475 408 3548 confunduntur).
