2512 3824
378 185 560 242 efloaocn.
580 188 592 242 1
611 193 636 242 o.
656 194 680 244 o.
702 195 716 242 1
737 190 863 258 (ae-as>
1109 187 1129 252 9

116 344 191 413 dein
212 348 279 413 tria
300 351 527 433 promunturia
550 346 743 434 Candidum,
765 349 944 434 Apollinis,
966 349 1128 437 Mercurii,
1147 363 1184 412 34

115 440 207 502 vaste
230 436 377 519 proiecta
398 437 433 501 in
456 439 569 522 altum,
593 437 674 504 duos
697 438 836 522 grandes
861 439 950 504 sinus
974 439 1129 506 efficiunt.

114 523 359 608 Hipponensem
382 530 500 592 vocant
521 526 706 611 proximum
733 527 774 592 ab
797 525 948 611 Hippone
970 527 1129 613 Diarryto

116 613 202 697 quod
225 613 321 680 litore
344 614 413 680 eius
432 614 619 700 adpositum
638 619 696 680 est.
741 615 776 680 in
792 615 897 682 altero
919 619 996 681 sunt
1014 615 1130 683 Castra

88 700 239 787 sDellia,
271 700 388 769 Castra
420 701 585 788 Cornelia,
617 704 738 768 flumen
769 702 934 789 Bagrada3
967 703 1066 770 Utica
1098 710 1131 770 et

117 787 283 876 Carthago
312 792 425 857 ambae
454 792 596 858 inclutae
625 792 741 857 ambae
769 790 1029 858 aPhcenicibus
1057 814 1130 859 con-

117 879 214 964 ditae,
237 880 296 945 illa
317 880 387 948 fato
406 878 540 947 Catonis
559 881 705 966 insignis,
727 880 808 946 haec
827 903 895 965 suc,
917 902 1002 946 nunc
1015 882 1131 966 populi

115 966 256 1034 Romani
284 970 424 1054 colonia,
455 970 534 1035 olim
562 969 691 1053 imperii
720 969 789 1034 eius
814 970 967 1053 pertinax
994 971 1130 1054 aemula,
1201 970 1203 973 ’

114 1057 181 1122 iam
206 1058 336 1142 quidem
357 1058 475 1123 iterum
504 1058 672 1142 opulenta,
701 1059 798 1123 etiam
826 1080 912 1123 nunc
934 1061 1046 1123 tamen
1067 1059 1130 1143 pri·

74 1163 101 1205 10
115 1167 208 1212 orum
237 1147 360 1213 excidio
389 1168 497 1212 rerum
526 1167 625 1230 quam
658 1167 718 1230 ope
750 1147 972 1230 praesentium
1004 1147 1130 1212 clarior.

113 1234 366 1319 Hadrumetum,
397 1235 525 1319 Leptis,
557 1231 694 1319 Clupea,
726 1233 962 1320 Habromacte,
993 1235 1130 1320 Phyrre,

113 1321 270 1408 Neapolis
297 1324 372 1388 hino
401 1323 441 1387 ad
465 1321 587 1408 Syrtim
616 1314 765 1388 adiacent
792 1327 829 1388 ut
855 1325 941 1390 inter
968 1323 1131 1408 ignobilia

116 1411 352 1476 celeberrimae.
407 1409 514 1495 Syrtis
552 1411 642 1476 sinus
682 1416 732 1477 est
769 1416 897 1478 centum
934 1412 1002 1477 fere
1038 1411 1130 1476 milia
1149 1418 1184 1469 ³5

113 1520 270 1582 passuum
290 1521 354 1584 qua
371 1521 460 1565 mare
480 1499 600 1584 accipit
616 1503 742 1584 patens,
764 1503 911 1566 trecenta
929 1521 992 1583 qua
1013 1499 1130 1585 cingit3

75 1603 100 1646 ro
114 1608 228 1652 verum
259 1589 469 1672 inportuosus
498 1591 595 1672 atque
624 1592 718 1653 atrox
746 1592 780 1652 ct
807 1589 849 1652 ob
884 1587 1040 1652 vadorum
1067 1587 1129 1652 fre-

114 1676 283 1760 quentium
305 1675 432 1759 brevia,
459 1676 629 1761 magisque
659 1675 757 1741 etiam
781 1675 823 1741 ob
852 1676 995 1750 alternos
1021 1679 1129 1741 motus

112 1766 222 1852 pelagi
255 1765 417 1831 affluentis
450 1787 487 1831 ac
519 1764 685 1830 refluentis
716 1764 864 1847 infestus.
916 1786 1014 1849 super
1044 1764 1131 1831 hunc
1149 1773 1184 1823 36

113 1853 228 1940 ingens
260 1855 355 1939 palus
389 1875 517 1920 amnem
545 1853 681 1919 Tritona
712 1853 843 1937 recipit,
874 1853 947 1936 ipsa
974 1852 1130 1937 Tritonis,

113 1942 198 2007 unde
226 1947 259 2008 et
280 1942 448 2008 Minervae
475 1963 656 2027 cognomen
683 1941 823 2006 inditum
850 1945 914 2024 est,
941 1944 980 2020 ut
1004 1941 1131 2008 incolae

74 2047 101 2088 ao
115 2030 326 2115 arbitrantur,
348 2030 395 2096 ibi
414 2031 558 2113 genitae,
580 2028 767 2112 faciuntque
786 2028 816 2092 ei
836 2028 967 2093 fabulae
987 2030 1130 2113 aliquam

115 2117 225 2203 fidem,
248 2119 334 2202 quod
357 2139 454 2203 quem
476 2117 619 2182 natalem
644 2117 712 2181 eius
734 2120 853 2201 putant
875 2116 1008 2182 ludicris
1031 2118 1130 2203 virgi·

114 2227 192 2272 num
221 2206 306 2272 inter
329 2228 363 2272 se
392 2205 627 2272 decertantium
655 2204 829 2272 celebrant.
875 2207 961 2271 ultra
989 2209 1039 2271 est
1063 2205 1131 2272 Oea
1149 2213 1183 2263 3⁷

115 2294 271 2378 oppidum
291 2298 325 2361 et
339 2292 460 2380 Oinyps
479 2295 596 2361 fluvius
614 2315 674 2378 per
690 2294 855 2360 uberrima
874 2315 953 2359 arva
972 2294 1131 2380 decidens,

114 2386 184 2448 tum
202 2383 314 2468 Leptis
338 2384 442 2449 altera
465 2387 499 2448 et
518 2381 623 2468 Syrtis
645 2383 777 2447 nomine
800 2387 898 2467 atque
916 2382 1047 2466 ingenio
1070 2403 1131 2465 par

75 2488 102 2528 ²⁶
115 2470 226 2556 priori,
250 2475 393 2537 ceterum
417 2473 521 2537 altero
539 2471 606 2535 fere
630 2470 737 2554 spatio
761 2491 826 2553 qua
843 2469 983 2534 dehiscit
1005 2491 1131 2555 quaque

114 2558 233 2624 flexum
257 2560 328 2645 agit
352 2559 500 2644 amplior.
547 2559 616 2623 eius
639 2559 901 2641 promunturium
925 2561 976 2623 est
998 2557 1131 2644 Borion,

115 2647 156 2714 ab
194 2669 296 2734 ecque
333 2647 493 2732 incipiens
526 2668 597 2731 ora,
636 2667 732 2731 quarn
764 2645 951 2732 Lotophagi
987 2648 1131 2714 tenuisse

114 2736 277 2822 dicuntur,
314 2758 415 2821 usque
450 2735 491 2801 ad
519 2734 704 2820 Phyconta,
738 2739 771 2800 et
803 2735 837 2800 id
869 2737 1130 2821 promunturium

115 2829 173 2910 est,
195 2826 386 2910 inportuoso
410 2825 508 2891 litore
530 2824 680 2908 pertinet
725 2823 813 2889 Arae
835 2823 926 2909 ipsae
948 2846 1069 2890 nomen
1092 2830 1183 2889 0138

73 2929 101 2970 ⁸0
113 2911 280 2980 Philaenis
294 2913 454 2980 fratribus
469 2917 608 2998 traxere,
626 2912 681 2996 qui
696 2917 810 2979 contra
825 2911 1024 2998 Cyrenaicos
1039 2912 1131 2977 missi

201 3117 203 3120 ,
968 3085 978 3112 ι

187 3164 210 3212 1.
229 3157 373 3282 mercuriis!
384 3159 411 3213 A
427 3159 494 3228 (fuit
507 3156 528 3226 i)
584 3163 609 3212 4.
625 3155 788 3282 adpositum
801 3156 843 3212 A¹
857 3157 1022 3228 appositum
1035 3154 1077 3211 A²

113 3235 138 3283 c.
158 3227 336 3283 deliaADe
362 3227 516 3285 'aVossius
577 3235 600 3284 o.
620 3227 744 3297 incytae
763 3228 791 3282 A
847 3235 887 3283 13.
909 3226 981 3298 syrti
999 3226 1027 3280 A
1087 3231 1129 3280 15.

112 3299 293 3371 inportuosus
306 3299 349 3354 A¹
362 3299 552 3369 importuosus
565 3297 609 3354 A’
682 3306 723 3354 17.
736 3298 852 3369 pelagia
865 3297 978 3352 fluentis
992 3296 1020 3350 A
1033 3293 1131 3368 pelagi

112 3385 256 3444 affluentis
269 3405 290 3443 cc
331 3394 396 3469 ‚2⁸2
411 3385 510 3457 cynips
525 3388 553 3442 A
570 3385 674 3470 (linyps
689 3387 840 3444 Pintiaoms
900 3392 942 3440 29.
962 3371 1137 3453 ffipcrtnoss

112 3459 154 3514 A¹
226 3465 268 3516 ³0.
288 3458 412 3530 phrlems
426 3463 453 3513 A
528 3473 711 3529 cyrenaesccs
726 3458 756 3512 A
864 3504 867 3511 .
