2512 3824
398 194 580 250 cHOIcOGR.
599 194 626 248 11
645 200 659 250 1
679 194 843 264 (no-118)
1085 192 1127 258 53

114 362 181 424 tres
204 380 269 423 uno
292 361 402 421 tamen
424 356 584 421 vocabulo
609 355 788 440 adpellant,
812 358 923 439 atque,
946 354 1029 420 unde
1053 353 1128 420 Car·

114 447 229 531 pathio
266 445 350 510 mari
386 464 568 528 cognomen
604 448 655 508 est
691 441 883 527 Carpathos.
937 444 972 507 in
1003 441 1130 508 Hadria

114 535 276 618 Apsoros,
298 531 513 617 Dyscelados,
535 531 705 617 Absyrtis,
732 531 816 616 Issa,
839 531 970 616 Titana,
994 531 1130 616 Hydria,

114 621 310 706 Electridas,
332 621 428 706 nigra
448 619 601 706 Corcyra,
623 619 837 705 linguarum,
860 619 1045 704 Diomedia,
1067 619 1129 684 Ae·

91 731 104 771 s
119 711 210 794 stria,
223 709 334 794 Asine,
348 714 444 793 atque
459 712 497 775 ut
505 707 721 774 Alexandriae
734 709 782 772 ita
789 707 964 772 Brundisio
979 707 1130 772 adiacens

116 798 252 863 Pharos.
288 796 409 882 Sicilia,
433 797 607 881 aliquando
626 800 663 862 ut
680 795 790 861 ferunt
808 797 976 861 continens
1000 799 1033 860 et
1052 817 1129 880 agro
1142 811 1192 862 115

116 886 247 951 Bruttio
272 885 411 970 adnexa,
438 889 515 970 post
540 885 624 950 freto
653 885 753 950 muris
776 882 876 949 Siculi
904 885 1049 949 abscissa
1073 888 1131 948 est.

117 975 150 1039 id
178 978 353 1060 angustum
381 979 414 1038 et
441 995 560 1058 anceps
588 973 715 1039 alterno
745 994 840 1038 cursu
866 972 961 1038 modo
991 973 1026 1037 in
1053 972 1132 1037 Tus·

119 1085 190 1127 curn
214 1063 310 1128 modo
333 1063 368 1126 in
395 1062 523 1127 Ionium
545 1062 682 1146 pelagus
709 1061 854 1145 perfluit,
882 1065 977 1126 atrox
1001 1082 1132 1126 saevum

79 1173 104 1212 1o
119 1156 152 1215 et
180 1149 308 1235 Scyllae
336 1149 584 1235 Charybdisque
612 1150 718 1215 saevis
750 1149 935 1215 nominibus
964 1149 1132 1215 inclutum.

116 1238 228 1323 Scylla
252 1261 366 1304 saxum
390 1243 449 1319 est,
472 1236 653 1322 Charybdis
677 1259 781 1322 mare,
804 1241 976 1322 utrumque
998 1238 1132 1305 noxium

117 1327 271 1411 adpulsis.
308 1328 381 1410 ipsa
399 1327 514 1412 ingens
534 1330 567 1390 ot
579 1327 686 1391 tribus
704 1327 938 1410 promunturiis
952 1327 987 1390 in
1006 1326 1133 1392 diversa

116 1436 309 1499 procurrens
325 1435 459 1499 graecae
473 1415 602 1480 litterae
621 1415 798 1498 imaginem
813 1437 894 1500 quae
914 1415 1002 1479 delta
1015 1415 1133 1479 dicitur

117 1503 224 1567 efficit.
251 1503 439 1587 Pachynum
453 1507 588 1567 vocatur
602 1503 688 1587 quod
703 1502 871 1567 Graeciam
890 1505 1026 1586 spectat,
1044 1501 1194 1586 Lily-116

80 1613 105 1653 15
119 1591 236 1656 basum
270 1592 354 1675 quod
386 1591 421 1655 in
446 1590 607 1676 Africam,
638 1590 786 1656 Pelorias
819 1591 905 1674 quod
936 1591 969 1654 in
1000 1589 1132 1655 Italiam

117 1698 254 1764 vergens
274 1677 401 1764 Scyllae
424 1678 594 1744 adversum
614 1682 673 1744 est.
719 1700 819 1744 causa
835 1679 978 1744 nominis
996 1678 1132 1744 Pelorus

118 1768 318 1853 gubernator
340 1769 381 1833 ab
400 1767 587 1833 Hannibale
605 1767 726 1832 ibidem
747 1767 905 1852 conditus,
929 1788 1025 1852 quem
1046 1767 1133 1832 idem

117 1857 169 1920 vir
190 1857 348 1941 profugus
372 1877 411 1921 ex
430 1856 552 1941 Africa,
575 1861 608 1920 et
629 1878 688 1940 per
711 1878 749 1922 ea
766 1857 840 1921 loca
859 1854 989 1941 Syriam
1008 1859 1133 1940 petens,

119 1944 196 2026 quia
217 1945 331 2027 procul
349 1944 491 2008 intuenti
509 1944 704 2009 uidebantur
722 1945 876 2009 continua
895 1966 965 2008 esse
983 1945 1082 2010 litora
1100 1948 1134 2009 et

80 2051 107 2092 ro
119 2052 186 2095 non
203 2031 351 2114 pervium
369 2032 516 2116 pelagus,
532 2031 696 2114 proditum
715 2052 750 2096 se
769 2032 945 2096 arbitratus
964 2033 1133 2097 occiderat.

119 2119 160 2183 ab
180 2139 217 2183 eo
237 2118 277 2183 ad
295 2118 486 2203 Pachynum
505 2140 562 2184 ora
585 2141 667 2203 quae
685 2119 870 2184 extenditur
891 2119 1021 2185 Ionium
1043 2140 1133 2186 mare
1145 2137 1194 2186 111

119 2206 290 2292 adtingens
304 2206 385 2272 haec
402 2207 467 2272 fert
479 2207 646 2273 inlustria:
664 2207 857 2292 Messanam,
872 2207 1134 2294 Tauromenium,

119 2293 285 2380 Catinam,
315 2294 498 2381 Megaride,
529 2293 707 2381 Syracusas
740 2300 773 2361 et
804 2297 839 2361 in
870 2297 923 2362 his
951 2297 1134 2362 mirabilem

118 2384 326 2450 Arethusam.
362 2384 436 2451 fons
456 2385 554 2449 estin
569 2405 632 2469 quo
651 2385 803 2450 visuntur
818 2385 905 2449 iacta
922 2385 956 2448 in
970 2385 1134 2468 Alpheum

80 2489 107 2531 rs
122 2493 250 2537 amnem
264 2476 302 2536 ut
321 2471 461 2537 diximus
475 2471 749 2555 Peloponnesiaco
767 2472 858 2536 litori
875 2471 1032 2537 infusum:
1050 2472 1134 2537 unde

118 2560 173 2624 ille
206 2559 347 2624 creditur
377 2581 445 2624 non
482 2580 517 2625 se
549 2560 734 2625 consociare
764 2560 899 2646 pelago,
935 2559 992 2625 sed
1024 2560 1135 2627 subter

119 2647 223 2714 maria
254 2652 423 2733 terrasque
456 2647 626 2731 depressus
657 2648 721 2713 huc
752 2669 850 2733 agero
878 2648 1007 2715 alveum
1036 2655 1134 2735 atque

117 2735 172 2801 hic
205 2758 239 2802 se
272 2759 383 2801 rursus
416 2735 581 2802 extollere.
635 2736 721 2801 inter
757 2735 948 2822 Pachynum
981 2742 1014 2803 et
1045 2739 1132 2823 Lily·
1145 2754 1195 2804 118

118 2825 237 2890 baeum
250 2823 401 2911 Agragas
416 2829 467 2890 est
480 2828 513 2890 et
526 2822 687 2890 Heraclea
706 2828 740 2890 et
753 2823 926 2910 Thermae3
944 2827 1031 2891 inter
1045 2825 1133 2910 Lily·

192 3040 217 3086 1.
236 3039 261 3088 2.
281 3033 407 3104 carpasio
430 3033 459 3086 A
513 3039 538 3088 2.
558 3033 709 3104 carphatos
727 3034 756 3086 A
810 3039 835 3088 3.
854 3033 990 3104 hasporos
1005 3034 1046 3089 A¹
1064 3050 1134 3092 corr.

119 3104 244 3172 Apsoros
261 3118 282 3157 a
336 3103 480 3159 dieedalos
498 3103 526 3157 A
544 3103 719 3171 Dysoelados
741 3103 852 3160 Vossius
905 3111 930 3161 4.
949 3104 1134 3160 deciridcsA

119 3171 277 3227 Electrides
290 3173 437 3230 Barbarus
495 3181 522 3231 5:
535 3173 697 3228 alexandria
710 3175 739 3228 A
789 3181 813 3232 7.
829 3174 934 3229 Siculis
947 3177 975 3230 A
1025 3175 1135 3232 abscisa

119 3246 147 3300 A
161 3242 317 3300 abscissae
390 3251 432 3300 10.
446 3243 584 3313 inclytum
599 3245 627 3299 A
701 3251 742 3302 12.
758 3245 883 3328 adpulsis
897 3246 938 3300 A¹
952 3246 1079 3317 appulsis
1092 3247 1134 3301 A’

192 3319 291 3371 14.1t.
310 3314 446 3416 lilybeum
463 3315 491 3369 A
564 3322 605 3371 1⁷.
624 3314 701 3370 idem
715 3315 743 3370 A
756 3315 894 3371 ibrdemo
966 3323 1008 3374 19.
1023 3316 1134 3375 inuenti

119 3387 160 3441 A¹
174 3384 297 3440 intuenti
314 3386 343 3441 A
410 3391 452 3440 22.
472 3384 621 3456 adtingens
635 3386 676 3440 A¹
695 3385 838 3457 attingens
852 3385 893 3441 A'
948 3387 1080 3443 inlustria
1093 3389 1134 3444 A¹

120 3455 243 3512 illustria
260 3455 301 3512 A¹
373 3455 586 3526 rumphaeam
603 3457 632 3511 A
