2512 3824
110 188 153 253 56
455 185 635 242 POMPONss
652 183 777 240 Manna

111 353 145 416 et
172 348 301 434 magnis
334 349 479 413 aestibus
508 349 685 432 concitum,
717 348 765 412 ita
797 347 884 412 enim
915 351 1024 413 motus
1056 348 1128 414 eius

112 437 292 522 appellant,
317 437 413 502 modo
436 437 574 502 inundat
596 457 729 521 campos
753 435 938 501 modulate
961 437 1064 501 nudat
1088 459 1127 503 ac

111 525 246 611 refugit,
277 547 343 592 non
371 525 454 591 alios
482 525 628 609 aliosque
654 525 690 589 in
721 524 824 589 vicem
856 545 960 608 neque
993 525 1127 590 alternis

114 615 296 679 accessibus
328 635 415 679 nunc
446 614 481 677 in
511 613 572 678 hos
603 634 690 678 nune
721 612 756 676 in
787 613 860 677 illos
897 617 969 678 toto
1001 614 1127 698 impetu

112 725 251 787 versum,
275 703 331 767 sed
354 702 412 766 ubi
430 701 465 765 in
483 701 593 766 omnia
611 701 718 784 litora,
741 701 887 785 quamvis
906 701 1034 766 diversa
1052 703 1154 786 sint,s

112 795 274 856 terrarum
297 791 539 874 insularumque
567 812 605 854 ex
628 788 733 853 medio
760 790 884 872 pariter
905 789 1041 854 effiisum
1069 794 1129 873 est,

112 901 224 944 rursus
248 879 289 943 ab
307 878 374 942 illis
393 877 561 962 colligitur
577 878 613 942 in
630 877 772 942 medium
796 878 881 941 etin
899 882 1002 942 semet
1018 879 1129 961 ipsum

112 968 206 1051 redit,
225 970 319 1032 tanta
332 967 365 1032 vi
388 987 514 1050 semper
533 966 705 1030 inmissum
717 969 755 1030 ut
768 969 863 1030 vasta
881 965 980 1030 etiam
993 965 1129 1031 flumina

112 1060 200 1120 retro
225 1060 313 1142 agat,
336 1059 369 1120 et
393 1058 450 1119 aut
472 1054 642 1119 terrestria
660 1053 879 1137 deprehendat
897 1054 1052 1118 animalia
1070 1057 1129 1118 aut

78 1144 239 1208 amerina
271 1143 437 1208 destituat.
491 1164 595 1227 neque
628 1142 733 1207 adhuc
756 1142 845 1218 ,satis
878 1142 1045 1227 cognitum
1078 1146 1129 1208 est
1142 1162 1169 1202 ro

114 1231 299 1298 anhelitune
327 1231 362 1295 id
385 1253 444 1295 suo
467 1231 604 1319 mundus
628 1230 761 1310 efficiat,
788 1234 1027 1314 retractamque
1055 1251 1129 1295 eum

114 1319 233 1402 spiritu
255 1323 386 1403 regerat
408 1319 528 1383 undam
546 1319 697 1403 undique,
720 1319 758 1403 si,
783 1322 820 1382 ut
838 1319 1036 1384 doctioribus
1059 1319 1128 1403 pla-

113 1411 177 1491 cet,
204 1429 305 1472 unum
329 1407 452 1472 animal
475 1410 538 1491 est,
566 1429 608 1471 an
631 1407 697 1472 sint
720 1407 864 1492 depressi
887 1407 988 1492 aliqui
1012 1428 1128 1492 specus

113 1517 176 1580 quo
199 1496 403 1580 reciprocata
425 1495 528 1560 maria
550 1495 705 1579 residant,
730 1500 827 1579 atque
850 1496 934 1560 unde
958 1517 992 1560 se
1014 1517 1128 1560 rursus

113 1584 323 1650 exuberantia
346 1584 515 1668 adtollant,
538 1606 581 1648 an
603 1584 682 1649 luna
704 1605 818 1649 causas
840 1584 943 1649 tantis
965 1583 1129 1648 meatibus
1143 1601 1170 1643 rs

112 1673 276 1757 praebeat.
327 1677 362 1737 at
392 1676 483 1738 ortus
512 1676 597 1738 certe
629 1673 698 1737 eius
731 1677 937 1756 occasusque
961 1671 1130 1737 uariantur

111 1782 215 1844 neque
243 1761 355 1825 eodem
383 1759 515 1826 adsidue
542 1765 702 1844 tempore,
730 1761 786 1824 sed
812 1764 850 1824 ut
875 1760 935 1824 illa
963 1760 1068 1844 surgit
1091 1781 1129 1825 ac

112 1849 311 1933 demergitur
337 1849 386 1914 ita
408 1848 558 1913 recedere
586 1852 683 1932 atque
711 1847 888 1913 adventare
914 1848 1129 1932 conperimus.

78 1953 94 2001 3
113 1935 177 2001 huo
199 1957 347 2022 egressos
371 1940 607 2022 sequentesque
631 1958 669 2001 ea
692 1958 774 2020 quae
802 1937 992 2002 exeuntibus
1015 1937 1130 2002 dextra

113 2029 190 2090 sunt
208 2047 329 2111 aequor
342 2025 546 2092 Atlanticum
565 2029 598 2090 et
616 2046 675 2090 ora
691 2022 845 2090 Baeticae
863 2025 980 2090 frontis
1000 2024 1129 2109 exeipit,
1143 2044 1170 2085 ao

112 2115 286 2266 {libelli
311 2114 413 2286 llll
429 2113 932 2284 ⁸3t⁰lulzlmlld²ldll
947 2113 1130 2266 rtdlt*

78 2304 96 2352 4
115 2287 251 2353 Turduli
274 2293 307 2354 et
329 2289 459 2354 Bastuli
482 2289 642 2354 habitant.
687 2290 723 2353 in
745 2290 892 2373 proximo
919 2290 992 2354 sinu
1013 2294 1129 2373 portus

114 2380 164 2442 est
191 2399 286 2462 quem
316 2376 526 2462 Gaditanum,
558 2380 591 2443 et
617 2377 709 2442 lucus
738 2399 833 2461 quem
862 2375 1047 2442 Oleastrum
1074 2378 1128 2443 ad-
1169 2408 1172 2413 >

112 2466 251 2549 pellant,
283 2471 355 2533 tum
382 2466 551 2532 castellum
577 2464 690 2531 Ebora
717 2466 752 2530 in
778 2465 875 2530 litore
903 2469 937 2531 et
962 2466 1076 2550 procul
1108 2484 1170 2530 aas

112 2553 208 2618 litore
231 2554 338 2622 Hasta
361 2555 499 2620 colonia.
545 2558 636 2620 extra
661 2553 795 2620 Iunonis
823 2576 881 2619 ara
907 2554 1129 2639 templumque

112 2643 174 2726 est,
210 2642 246 2706 in
281 2645 353 2727 ipso
389 2643 473 2707 mari
508 2647 753 2708 monumentum
786 2640 959 2726 Caepionis
996 2643 1128 2726 scopulo

76 2729 217 2815 amagis
246 2753 344 2816 quam
371 2731 498 2796 insulae
525 2730 726 2815 impositum.
770 2728 883 2795 Baetis
911 2735 950 2796 ex
973 2730 1128 2796 Tarraco·

110 2818 203 2883 nensi
235 2820 369 2905 regione
401 2817 560 2883 demissus
592 2839 650 2902 per
681 2818 767 2884 hano
797 2818 865 2883 fere
897 2819 1037 2883 mediam
1073 2818 1129 2884 diu

110 2906 195 2972 sieut
216 2909 362 2974 nascitur
384 2927 449 2972 uno
473 2927 568 2972 amne
590 2907 741 2990 decurrit,
763 2910 840 2990 post
861 2907 919 2971 ubi
941 2917 1008 2971 non
1030 2907 1128 2992 longe
1142 2923 1170 2964 ³⁰

182 3103 206 3154 1.
225 3096 295 3152 itm
356 3096 425 3151 'A
445 3098 475 3152 et
491 3095 637 3167 magnisc
710 3104 735 3154 2,
754 3095 901 3166 adpellant
918 3098 961 3152 Αι
980 3095 1129 3167 appellant

108 3165 151 3222 A·
206 3174 247 3223 14.
267 3186 305 3222 un
343 3168 406 3222 eA
424 3168 498 3222 unde
516 3185 538 3223 rc
597 3173 639 3223 15.
659 3167 802 3222 adtollant
819 3167 861 3222 Αι
879 3167 1016 3223 attollant
1033 3167 1074 3222 A’

111 3245 152 3294 16.
171 3240 203 3293 at
221 3241 299 3295 ortus
318 3240 358 3294 sic
376 3240 404 3292 A
478 3245 518 3294 17.
537 3238 655 3293 adsidue
674 3239 715 3292 Α1
733 3237 845 3293 assidue
859 3237 901 3292 A?
973 3244 1015 3293 18.
1035 3237 1129 3307 adque

109 3309 137 3381 ‚A
193 3309 369 3380 conperimus
382 3309 424 3362 A¹
439 3308 624 3379 comperimus
638 3307 679 3362 A·
734 3315 775 3365 19.
796 3325 924 3380 egressus
938 3310 980 3363 Α1
999 3324 1129 3378 egressos

109 3377 150 3432 A‘
221 3386 264 3436 24.
284 3386 327 3438 25.
347 3378 494 3450 adpellant
512 3380 553 3433 Αι
571 3377 773 3461 appellantA¹
833 3378 979 3437 salicara
996 3380 1039 3434 Αι
1057 3396 1127 3436 corr.

178 3456 222 3503 27,
244 3450 406 3522 caeopionis
425 3451 465 3505 Αι
485 3449 629 3520 caepioms
647 3449 688 3504 A¹
761 3456 804 3506 28.
824 3458 865 3506 πθ.
885 3449 1078 3506 terraconensi
1099 3451 1129 3506 A
