<?xml version="1.0" encoding="UTF-8"?>
<!DOCTYPE html PUBLIC "-//W3C//DTD XHTML 1.0 Transitional//EN"
    "http://www.w3.org/TR/xhtml1/DTD/xhtml1-transitional.dtd">
<html xmlns="http://www.w3.org/1999/xhtml" xml:lang="en" lang="en">
 <head>
  <title>
</title>
<meta http-equiv="Content-Type" content="text/html;charset=utf-8" />
  <meta name='ocr-system' content='tesseract 3.04.00' />
  <meta name='ocr-capabilities' content='ocr_page ocr_carea ocr_par ocr_line ocrx_word'/>
</head>
<body>
  <div class='ocr_page' id='page_1' title='image "./pomponiimelaede08melagoog_0030.png"; bbox 0 0 2512 3824; ppageno 0'>
   <div class='ocr_carea' id='block_1_1' title="bbox 386 173 1119 245">
    <p class='ocr_par' dir='ltr' id='par_1_1' title="bbox 386 173 1119 245">
     <span class='ocr_line' id='line_1_1' title="bbox 386 173 1119 245; baseline 0.014 -17"><span class='ocrx_word' id='word_1_1' title='bbox 386 173 599 229; x_wconf 67' lang='lat' dir='ltr'>onerosa-1</span> <span class='ocrx_word' id='word_1_2' title='bbox 618 181 642 230; x_wconf 89' lang='lat' dir='ltr'>s.</span> <span class='ocrx_word' id='word_1_3' title='bbox 663 181 678 230; x_wconf 84' lang='lat' dir='ltr'>e</span> <span class='ocrx_word' id='word_1_4' title='bbox 698 177 825 245; x_wconf 56' lang='lat' dir='ltr'>(ca-ssse)</span> <span class='ocrx_word' id='word_1_5' title='bbox 1080 175 1119 239; x_wconf 84' lang='lat'>13</span> 
     </span>
    </p>
   </div>
   <div class='ocr_carea' id='block_1_2' title="bbox 65 335 1231 3071">
    <p class='ocr_par' dir='ltr' id='par_1_2' title="bbox 104 335 1171 688">
     <span class='ocr_line' id='line_1_2' title="bbox 104 335 1119 422; baseline 0 -20"><span class='ocrx_word' id='word_1_6' title='bbox 104 337 190 405; x_wconf 83' lang='lat' dir='ltr'>fecta</span> <span class='ocrx_word' id='word_1_7' title='bbox 216 337 373 402; x_wconf 86' lang='lat' dir='ltr'>animalia</span> <span class='ocrx_word' id='word_1_8' title='bbox 401 335 457 402; x_wconf 91' lang='lat' dir='ltr'>sed</span> <span class='ocrx_word' id='word_1_9' title='bbox 484 339 555 400; x_wconf 89' lang='lat' dir='ltr'>tum</span> <span class='ocrx_word' id='word_1_10' title='bbox 577 336 719 420; x_wconf 90' lang='lat' dir='ltr'>primum</span> <span class='ocrx_word' id='word_1_11' title='bbox 748 337 941 421; x_wconf 84' lang='lat' dir='ltr'>accipientia</span> <span class='ocrx_word' id='word_1_12' title='bbox 968 337 1119 422; x_wconf 87' lang='lat' dir='ltr'>spiritum</span> 
     </span>
     <span class='ocr_line' id='line_1_3' title="bbox 105 423 1119 510; baseline -0.001 -18"><span class='ocrx_word' id='word_1_13' title='bbox 105 429 200 492; x_wconf 85' lang='lat' dir='ltr'>etex</span> <span class='ocrx_word' id='word_1_14' title='bbox 226 429 320 510; x_wconf 88' lang='lat' dir='ltr'>parte</span> <span class='ocrx_word' id='word_1_15' title='bbox 348 426 414 490; x_wconf 88' lang='lat' dir='ltr'>iam</span> <span class='ocrx_word' id='word_1_16' title='bbox 440 423 583 491; x_wconf 88' lang='lat' dir='ltr'>formata</span> <span class='ocrx_word' id='word_1_17' title='bbox 605 446 644 489; x_wconf 85' lang='lat' dir='ltr'>ex</span> <span class='ocrx_word' id='word_1_18' title='bbox 671 429 766 508; x_wconf 88' lang='lat' dir='ltr'>parte</span> <span class='ocrx_word' id='word_1_19' title='bbox 793 425 898 491; x_wconf 91' lang='lat' dir='ltr'>adhuc</span> <span class='ocrx_word' id='word_1_20' title='bbox 919 430 1050 492; x_wconf 90' lang='lat' dir='ltr'>terrena</span> <span class='ocrx_word' id='word_1_21' title='bbox 1073 427 1119 491; x_wconf 88' lang='lat' dir='ltr'>vi-</span> 
     </span>
     <span class='ocr_line' id='line_1_4' title="bbox 105 513 1171 600; baseline -0.003 -19"><span class='ocrx_word' id='word_1_22' title='bbox 105 519 229 581; x_wconf 88' lang='lat' dir='ltr'>suntur.</span> <span class='ocrx_word' id='word_1_23' title='bbox 273 514 389 579; x_wconf 87' lang='lat' dir='ltr'>crescit</span> <span class='ocrx_word' id='word_1_24' title='bbox 416 535 528 598; x_wconf 86' lang='lat' dir='ltr'>porro,</span> <span class='ocrx_word' id='word_1_25' title='bbox 556 513 624 579; x_wconf 88' lang='lat' dir='ltr'>sive</span> <span class='ocrx_word' id='word_1_26' title='bbox 647 513 734 597; x_wconf 90' lang='lat' dir='ltr'>quod</span> <span class='ocrx_word' id='word_1_27' title='bbox 762 514 889 580; x_wconf 89' lang='lat' dir='ltr'>solutae</span> <span class='ocrx_word' id='word_1_28' title='bbox 917 515 1055 600; x_wconf 80' lang='lat' dir='ltr'>magnis</span> <span class='ocrx_word' id='word_1_29' title='bbox 1068 537 1119 580; x_wconf 90' lang='lat' dir='ltr'>ae·</span> <span class='ocrx_word' id='word_1_30' title='bbox 1138 529 1171 579; x_wconf 77' lang='lat' dir='ltr'>oa</span> 
     </span>
     <span class='ocr_line' id='line_1_5' title="bbox 105 601 1118 688; baseline 0.001 -20"><span class='ocrx_word' id='word_1_31' title='bbox 105 603 212 668; x_wconf 89' lang='lat' dir='ltr'>stibus</span> <span class='ocrx_word' id='word_1_32' title='bbox 241 603 333 668; x_wconf 82' lang='lat' dir='ltr'>nives</span> <span class='ocrx_word' id='word_1_33' title='bbox 362 623 402 668; x_wconf 85' lang='lat' dir='ltr'>ex</span> <span class='ocrx_word' id='word_1_34' title='bbox 433 601 620 667; x_wconf 81' lang='lat' dir='ltr'><strong>inmanibus</strong></span> <span class='ocrx_word' id='word_1_35' title='bbox 648 601 845 686; x_wconf 71' lang='lat' dir='ltr'>Aethiopiae</span> <span class='ocrx_word' id='word_1_36' title='bbox 876 603 962 686; x_wconf 83' lang='lat' dir='ltr'>iugis</span> <span class='ocrx_word' id='word_1_37' title='bbox 994 603 1118 688; x_wconf 82' lang='lat' dir='ltr'>largius</span> 
     </span>
    </p>

    <p class='ocr_par' dir='ltr' id='par_1_3' title="bbox 78 689 1119 1130">
     <span class='ocr_line' id='line_1_6' title="bbox 78 689 1119 777; baseline 0.001 -21"><span class='ocrx_word' id='word_1_38' title='bbox 78 709 203 776; x_wconf 68' lang='lat' dir='ltr'>equam</span> <span class='ocrx_word' id='word_1_39' title='bbox 221 691 303 775; x_wconf 85' lang='lat' dir='ltr'>ripis</span> <span class='ocrx_word' id='word_1_40' title='bbox 323 691 426 775; x_wconf 87' lang='lat' dir='ltr'>accipi</span> <span class='ocrx_word' id='word_1_41' title='bbox 444 697 564 774; x_wconf 78' lang='lat' dir='ltr'>queant</span> <span class='ocrx_word' id='word_1_42' title='bbox 582 689 738 774; x_wconf 84' lang='lat' dir='ltr'>defluunt,</span> <span class='ocrx_word' id='word_1_43' title='bbox 757 691 825 755; x_wconf 88' lang='lat' dir='ltr'>sive</span> <span class='ocrx_word' id='word_1_44' title='bbox 844 691 930 777; x_wconf 93' lang='lat' dir='ltr'>quod</span> <span class='ocrx_word' id='word_1_45' title='bbox 949 692 998 756; x_wconf 93' lang='lat' dir='ltr'>sol</span> <span class='ocrx_word' id='word_1_46' title='bbox 1012 691 1119 757; x_wconf 89' lang='lat' dir='ltr'>hieme</span> 
     </span>
     <span class='ocr_line' id='line_1_7' title="bbox 103 778 1118 864; baseline 0.001 -21"><span class='ocrx_word' id='word_1_47' title='bbox 103 780 201 845; x_wconf 88' lang='lat' dir='ltr'>terris</span> <span class='ocrx_word' id='word_1_48' title='bbox 219 779 353 864; x_wconf 87' lang='lat' dir='ltr'>propior</span> <span class='ocrx_word' id='word_1_49' title='bbox 371 783 404 845; x_wconf 94' lang='lat' dir='ltr'>et</span> <span class='ocrx_word' id='word_1_50' title='bbox 417 779 459 845; x_wconf 92' lang='lat' dir='ltr'>ob</span> <span class='ocrx_word' id='word_1_51' title='bbox 478 778 512 843; x_wconf 91' lang='lat' dir='ltr'>id</span> <span class='ocrx_word' id='word_1_52' title='bbox 525 778 650 844; x_wconf 85' lang='lat' dir='ltr'>fontem</span> <span class='ocrx_word' id='word_1_53' title='bbox 669 779 737 844; x_wconf 93' lang='lat' dir='ltr'>eius</span> <span class='ocrx_word' id='word_1_54' title='bbox 757 779 905 844; x_wconf 89' lang='lat' dir='ltr'>minuens</span> <span class='ocrx_word' id='word_1_55' title='bbox 923 783 1001 845; x_wconf 89' lang='lat' dir='ltr'>tuno</span> <span class='ocrx_word' id='word_1_56' title='bbox 1019 780 1118 845; x_wconf 84' lang='lat' dir='ltr'>altius</span> 
     </span>
     <span class='ocr_line' id='line_1_8' title="bbox 105 868 1119 955; baseline 0 -23"><span class='ocrx_word' id='word_1_57' title='bbox 105 868 184 952; x_wconf 87' lang='lat' dir='ltr'>abit,</span> <span class='ocrx_word' id='word_1_58' title='bbox 207 868 348 953; x_wconf 89' lang='lat' dir='ltr'>sinitque</span> <span class='ocrx_word' id='word_1_59' title='bbox 370 869 534 952; x_wconf 79' lang='lat' dir='ltr'>integrum</span> <span class='ocrx_word' id='word_1_60' title='bbox 557 871 590 932; x_wconf 92' lang='lat' dir='ltr'>et</span> <span class='ocrx_word' id='word_1_61' title='bbox 613 870 650 932; x_wconf 94' lang='lat' dir='ltr'>ut</span> <span class='ocrx_word' id='word_1_62' title='bbox 673 870 723 932; x_wconf 90' lang='lat' dir='ltr'>est</span> <span class='ocrx_word' id='word_1_63' title='bbox 745 868 953 952; x_wconf 87' lang='lat' dir='ltr'>plenissimus</span> <span class='ocrx_word' id='word_1_64' title='bbox 979 888 1119 955; x_wconf 82' lang='lat' dir='ltr'>surgere,</span> 
     </span>
     <span class='ocr_line' id='line_1_9' title="bbox 105 956 1119 1041; baseline 0 -20"><span class='ocrx_word' id='word_1_65' title='bbox 105 957 173 1021; x_wconf 88' lang='lat' dir='ltr'>sive</span> <span class='ocrx_word' id='word_1_66' title='bbox 197 957 284 1040; x_wconf 91' lang='lat' dir='ltr'>quod</span> <span class='ocrx_word' id='word_1_67' title='bbox 309 978 368 1040; x_wconf 89' lang='lat' dir='ltr'>per</span> <span class='ocrx_word' id='word_1_68' title='bbox 396 978 434 1022; x_wconf 93' lang='lat' dir='ltr'>ea</span> <span class='ocrx_word' id='word_1_69' title='bbox 461 961 610 1041; x_wconf 87' lang='lat' dir='ltr'>tempora</span> <span class='ocrx_word' id='word_1_70' title='bbox 636 956 755 1022; x_wconf 88' lang='lat' dir='ltr'>flantes</span> <span class='ocrx_word' id='word_1_71' title='bbox 783 957 916 1022; x_wconf 78' lang='lat' dir='ltr'>Etesiae</span> <span class='ocrx_word' id='word_1_72' title='bbox 943 960 1001 1022; x_wconf 92' lang='lat' dir='ltr'>aut</span> <span class='ocrx_word' id='word_1_73' title='bbox 1029 960 1119 1021; x_wconf 87' lang='lat' dir='ltr'>actas</span> 
     </span>
     <span class='ocr_line' id='line_1_10' title="bbox 104 1045 1119 1130; baseline 0 -21"><span class='ocrx_word' id='word_1_74' title='bbox 104 1067 124 1109; x_wconf 86' lang='lat' dir='ltr'>a</span> <span class='ocrx_word' id='word_1_75' title='bbox 143 1045 364 1130; x_wconf 71' lang='lat' dir='ltr'>septentrione</span> <span class='ocrx_word' id='word_1_76' title='bbox 387 1046 422 1110; x_wconf 95' lang='lat' dir='ltr'>in</span> <span class='ocrx_word' id='word_1_77' title='bbox 444 1045 612 1110; x_wconf 83' lang='lat' dir='ltr'>meridiem</span> <span class='ocrx_word' id='word_1_78' title='bbox 630 1045 733 1109; x_wconf 88' lang='lat' dir='ltr'>nubes</span> <span class='ocrx_word' id='word_1_79' title='bbox 758 1066 854 1128; x_wconf 93' lang='lat' dir='ltr'>super</span> <span class='ocrx_word' id='word_1_80' title='bbox 871 1045 1032 1129; x_wconf 87' lang='lat' dir='ltr'>principia</span> <span class='ocrx_word' id='word_1_81' title='bbox 1051 1045 1119 1110; x_wconf 91' lang='lat' dir='ltr'>eius</span> 
     </span>
    </p>

    <p class='ocr_par' dir='ltr' id='par_1_4' title="bbox 65 1132 1172 1570">
     <span class='ocr_line' id='line_1_11' title="bbox 65 1132 1120 1218; baseline 0.001 -21"><span class='ocrx_word' id='word_1_82' title='bbox 65 1151 90 1191; x_wconf 82' lang='lat'>10</span> <span class='ocrx_word' id='word_1_83' title='bbox 104 1132 209 1198; x_wconf 87' lang='lat' dir='ltr'>imbre</span> <span class='ocrx_word' id='word_1_84' title='bbox 227 1133 454 1218; x_wconf 87' lang='lat' dir='ltr'>praecipitant,</span> <span class='ocrx_word' id='word_1_85' title='bbox 477 1137 534 1198; x_wconf 89' lang='lat' dir='ltr'>aut</span> <span class='ocrx_word' id='word_1_86' title='bbox 552 1133 697 1199; x_wconf 87' lang='lat' dir='ltr'>venienti</span> <span class='ocrx_word' id='word_1_87' title='bbox 715 1133 830 1198; x_wconf 84' lang='lat' dir='ltr'>obviae</span> <span class='ocrx_word' id='word_1_88' title='bbox 848 1133 983 1199; x_wconf 85' lang='lat' dir='ltr'>adverso</span> <span class='ocrx_word' id='word_1_89' title='bbox 1003 1133 1120 1217; x_wconf 90' lang='lat' dir='ltr'>spiritu</span> 
     </span>
     <span class='ocr_line' id='line_1_12' title="bbox 103 1220 1120 1306; baseline 0.001 -20"><span class='ocrx_word' id='word_1_90' title='bbox 103 1244 233 1287; x_wconf 86' lang='lat' dir='ltr'>cursum</span> <span class='ocrx_word' id='word_1_91' title='bbox 256 1220 480 1287; x_wconf 89' lang='lat' dir='ltr'>descendentis</span> <span class='ocrx_word' id='word_1_92' title='bbox 499 1220 688 1306; x_wconf 89' lang='lat' dir='ltr'>impediunt,</span> <span class='ocrx_word' id='word_1_93' title='bbox 712 1225 769 1286; x_wconf 88' lang='lat' dir='ltr'>aut</span> <span class='ocrx_word' id='word_1_94' title='bbox 790 1221 921 1287; x_wconf 82' lang='lat' dir='ltr'>harenis</span> <span class='ocrx_word' id='word_1_95' title='bbox 943 1243 1023 1306; x_wconf 87' lang='lat' dir='ltr'>quas</span> <span class='ocrx_word' id='word_1_96' title='bbox 1046 1244 1120 1287; x_wconf 86' lang='lat' dir='ltr'>eum</span> 
     </span>
     <span class='ocr_line' id='line_1_13' title="bbox 103 1309 1119 1394; baseline 0.001 -21"><span class='ocrx_word' id='word_1_97' title='bbox 103 1310 256 1375; x_wconf 89' lang='lat' dir='ltr'>fluctibus</span> <span class='ocrx_word' id='word_1_98' title='bbox 279 1310 370 1376; x_wconf 92' lang='lat' dir='ltr'>litori</span> <span class='ocrx_word' id='word_1_99' title='bbox 393 1309 559 1394; x_wconf 78' lang='lat' dir='ltr'>adplicant</span> <span class='ocrx_word' id='word_1_100' title='bbox 582 1310 669 1376; x_wconf 91' lang='lat' dir='ltr'>ostia</span> <span class='ocrx_word' id='word_1_101' title='bbox 691 1310 866 1394; x_wconf 87' lang='lat' dir='ltr'>obducunt;</span> <span class='ocrx_word' id='word_1_102' title='bbox 889 1311 991 1394; x_wconf 90' lang='lat' dir='ltr'>fitque</span> <span class='ocrx_word' id='word_1_103' title='bbox 1014 1311 1119 1375; x_wconf 89' lang='lat' dir='ltr'>maior</span> 
     </span>
     <span class='ocr_line' id='line_1_14' title="bbox 103 1396 1119 1483; baseline 0.001 -22"><span class='ocrx_word' id='word_1_104' title='bbox 103 1398 155 1462; x_wconf 86' lang='lat' dir='ltr'>vel</span> <span class='ocrx_word' id='word_1_105' title='bbox 178 1398 264 1481; x_wconf 94' lang='lat' dir='ltr'>quod</span> <span class='ocrx_word' id='word_1_106' title='bbox 285 1397 370 1462; x_wconf 93' lang='lat' dir='ltr'>nihil</span> <span class='ocrx_word' id='word_1_107' title='bbox 393 1419 432 1463; x_wconf 83' lang='lat' dir='ltr'>ex</span> <span class='ocrx_word' id='word_1_108' title='bbox 456 1402 559 1463; x_wconf 92' lang='lat' dir='ltr'>semet</span> <span class='ocrx_word' id='word_1_109' title='bbox 582 1398 716 1483; x_wconf 81' lang='lat' dir='ltr'>amittit,</span> <span class='ocrx_word' id='word_1_110' title='bbox 738 1398 791 1463; x_wconf 79' lang='lat' dir='ltr'>rel</span> <span class='ocrx_word' id='word_1_111' title='bbox 814 1396 899 1482; x_wconf 92' lang='lat' dir='ltr'>quod</span> <span class='ocrx_word' id='word_1_112' title='bbox 922 1399 997 1482; x_wconf 93' lang='lat' dir='ltr'>plus</span> <span class='ocrx_word' id='word_1_113' title='bbox 1021 1420 1119 1482; x_wconf 88' lang='lat' dir='ltr'>quam</span> 
     </span>
     <span class='ocr_line' id='line_1_15' title="bbox 105 1485 1172 1570; baseline -0.001 -21"><span class='ocrx_word' id='word_1_114' title='bbox 105 1485 189 1550; x_wconf 91' lang='lat' dir='ltr'>solet</span> <span class='ocrx_word' id='word_1_115' title='bbox 202 1486 329 1569; x_wconf 75' lang='lat' dir='ltr'>accipit,</span> <span class='ocrx_word' id='word_1_116' title='bbox 347 1487 399 1550; x_wconf 89' lang='lat' dir='ltr'>vel</span> <span class='ocrx_word' id='word_1_117' title='bbox 417 1486 624 1569; x_wconf 91' lang='lat' dir='ltr'>quodminus</span> <span class='ocrx_word' id='word_1_118' title='bbox 644 1507 742 1570; x_wconf 89' lang='lat' dir='ltr'>quam</span> <span class='ocrx_word' id='word_1_119' title='bbox 760 1486 857 1551; x_wconf 83' lang='lat' dir='ltr'>dehet</span> <span class='ocrx_word' id='word_1_120' title='bbox 871 1487 999 1551; x_wconf 90' lang='lat' dir='ltr'>emittit.</span> <span class='ocrx_word' id='word_1_121' title='bbox 1032 1487 1119 1570; x_wconf 88' lang='lat' dir='ltr'>quod</span> <span class='ocrx_word' id='word_1_122' title='bbox 1138 1499 1172 1548; x_wconf 79' lang='lat'>54</span> 
     </span>
    </p>

    <p class='ocr_par' dir='ltr' id='par_1_5' title="bbox 65 1573 1120 2011">
     <span class='ocr_line' id='line_1_16' title="bbox 65 1573 1119 1658; baseline 0.001 -21"><span class='ocrx_word' id='word_1_123' title='bbox 65 1589 92 1630; x_wconf 79' lang='lat'>15</span> <span class='ocrx_word' id='word_1_124' title='bbox 106 1573 135 1637; x_wconf 90' lang='lat' dir='ltr'>si</span> <span class='ocrx_word' id='word_1_125' title='bbox 163 1576 214 1639; x_wconf 87' lang='lat' dir='ltr'>est</span> <span class='ocrx_word' id='word_1_126' title='bbox 241 1574 325 1638; x_wconf 87' lang='lat' dir='ltr'>alter</span> <span class='ocrx_word' id='word_1_127' title='bbox 357 1574 445 1640; x_wconf 91' lang='lat' dir='ltr'>orbis</span> <span class='ocrx_word' id='word_1_128' title='bbox 474 1577 614 1658; x_wconf 90' lang='lat' dir='ltr'>suntque</span> <span class='ocrx_word' id='word_1_129' title='bbox 641 1574 785 1657; x_wconf 88' lang='lat' dir='ltr'>oppositi</span> <span class='ocrx_word' id='word_1_130' title='bbox 815 1574 910 1640; x_wconf 89' lang='lat' dir='ltr'>nobis</span> <span class='ocrx_word' id='word_1_131' title='bbox 938 1597 958 1639; x_wconf 84' lang='lat' dir='ltr'>a</span> <span class='ocrx_word' id='word_1_132' title='bbox 988 1574 1119 1639; x_wconf 91' lang='lat' dir='ltr'>meridie</span> 
     </span>
     <span class='ocr_line' id='line_1_17' title="bbox 105 1661 1120 1746; baseline 0.002 -21"><span class='ocrx_word' id='word_1_133' title='bbox 105 1661 348 1746; x_wconf 87' lang='lat' dir='ltr'>antichthones,</span> <span class='ocrx_word' id='word_1_134' title='bbox 371 1683 413 1727; x_wconf 89' lang='lat' dir='ltr'>ne</span> <span class='ocrx_word' id='word_1_135' title='bbox 435 1662 514 1727; x_wconf 92' lang='lat' dir='ltr'>illud</span> <span class='ocrx_word' id='word_1_136' title='bbox 538 1661 669 1746; x_wconf 92' lang='lat' dir='ltr'>quidem</span> <span class='ocrx_word' id='word_1_137' title='bbox 692 1683 811 1727; x_wconf 84' lang='lat' dir='ltr'>avere</span> <span class='ocrx_word' id='word_1_138' title='bbox 833 1662 971 1727; x_wconf 91' lang='lat' dir='ltr'>nimium</span> <span class='ocrx_word' id='word_1_139' title='bbox 994 1663 1120 1728; x_wconf 88' lang='lat' dir='ltr'>absces-</span> 
     </span>
     <span class='ocr_line' id='line_1_18' title="bbox 105 1750 1120 1833; baseline 0.002 -19"><span class='ocrx_word' id='word_1_140' title='bbox 105 1751 198 1833; x_wconf 84' lang='lat' dir='ltr'>serit,</span> <span class='ocrx_word' id='word_1_141' title='bbox 225 1751 260 1816; x_wconf 92' lang='lat' dir='ltr'>in</span> <span class='ocrx_word' id='word_1_142' title='bbox 286 1750 354 1815; x_wconf 94' lang='lat' dir='ltr'>illis</span> <span class='ocrx_word' id='word_1_143' title='bbox 378 1750 474 1815; x_wconf 91' lang='lat' dir='ltr'>terris</span> <span class='ocrx_word' id='word_1_144' title='bbox 498 1753 605 1815; x_wconf 91' lang='lat' dir='ltr'>ortum</span> <span class='ocrx_word' id='word_1_145' title='bbox 629 1771 770 1833; x_wconf 89' lang='lat' dir='ltr'>amnem,</span> <span class='ocrx_word' id='word_1_146' title='bbox 797 1750 854 1815; x_wconf 94' lang='lat' dir='ltr'>ubi</span> <span class='ocrx_word' id='word_1_147' title='bbox 877 1751 990 1815; x_wconf 89' lang='lat' dir='ltr'>subter</span> <span class='ocrx_word' id='word_1_148' title='bbox 1016 1751 1120 1817; x_wconf 90' lang='lat' dir='ltr'>maria</span> 
     </span>
     <span class='ocr_line' id='line_1_19' title="bbox 105 1838 1120 1923; baseline 0.001 -20"><span class='ocrx_word' id='word_1_149' title='bbox 105 1859 200 1905; x_wconf 89' lang='lat' dir='ltr'>caeco</span> <span class='ocrx_word' id='word_1_150' title='bbox 223 1839 316 1903; x_wconf 87' lang='lat' dir='ltr'>alveo</span> <span class='ocrx_word' id='word_1_151' title='bbox 339 1838 574 1923; x_wconf 85' lang='lat' dir='ltr'>penetraverit,</span> <span class='ocrx_word' id='word_1_152' title='bbox 602 1839 636 1902; x_wconf 94' lang='lat' dir='ltr'>in</span> <span class='ocrx_word' id='word_1_153' title='bbox 664 1838 786 1903; x_wconf 89' lang='lat' dir='ltr'>nostris</span> <span class='ocrx_word' id='word_1_154' title='bbox 809 1860 921 1904; x_wconf 90' lang='lat' dir='ltr'>rursus</span> <span class='ocrx_word' id='word_1_155' title='bbox 945 1858 1120 1923; x_wconf 80' lang='lat' dir='ltr'>emergere,</span> 
     </span>
     <span class='ocr_line' id='line_1_20' title="bbox 106 1926 1119 2011; baseline 0.001 -21"><span class='ocrx_word' id='word_1_156' title='bbox 106 1929 139 1990; x_wconf 93' lang='lat' dir='ltr'>et</span> <span class='ocrx_word' id='word_1_157' title='bbox 156 1927 219 1992; x_wconf 92' lang='lat' dir='ltr'>hac</span> <span class='ocrx_word' id='word_1_158' title='bbox 231 1948 267 1992; x_wconf 90' lang='lat' dir='ltr'>re</span> <span class='ocrx_word' id='word_1_159' title='bbox 281 1927 423 1992; x_wconf 78' lang='lat' dir='ltr'>solstitio</span> <span class='ocrx_word' id='word_1_160' title='bbox 438 1926 622 1992; x_wconf 80' lang='lat' dir='ltr'>adcrescere</span> <span class='ocrx_word' id='word_1_161' title='bbox 636 1927 723 2010; x_wconf 92' lang='lat' dir='ltr'>quod</span> <span class='ocrx_word' id='word_1_162' title='bbox 741 1930 813 1992; x_wconf 88' lang='lat' dir='ltr'>tum</span> <span class='ocrx_word' id='word_1_163' title='bbox 830 1926 957 2011; x_wconf 91' lang='lat' dir='ltr'>hiemps</span> <span class='ocrx_word' id='word_1_164' title='bbox 977 1928 1021 1993; x_wconf 89' lang='lat' dir='ltr'>sit</span> <span class='ocrx_word' id='word_1_165' title='bbox 1034 1928 1119 1992; x_wconf 91' lang='lat' dir='ltr'>unde</span> 
     </span>
    </p>

    <p class='ocr_par' dir='ltr' id='par_1_6' title="bbox 66 2015 1231 2454">
     <span class='ocr_line' id='line_1_21' title="bbox 66 2015 1172 2099; baseline -0.002 -19"><span class='ocrx_word' id='word_1_166' title='bbox 66 2032 93 2072; x_wconf 72' lang='lat'>20</span> <span class='ocrx_word' id='word_1_167' title='bbox 106 2015 219 2080; x_wconf 88' lang='lat' dir='ltr'>oritur.</span> <span class='ocrx_word' id='word_1_168' title='bbox 265 2015 331 2080; x_wconf 91' lang='lat' dir='ltr'>alia</span> <span class='ocrx_word' id='word_1_169' title='bbox 353 2036 480 2099; x_wconf 90' lang='lat' dir='ltr'>quoque</span> <span class='ocrx_word' id='word_1_170' title='bbox 503 2017 539 2079; x_wconf 91' lang='lat' dir='ltr'>in</span> <span class='ocrx_word' id='word_1_171' title='bbox 556 2015 608 2079; x_wconf 92' lang='lat' dir='ltr'>his</span> <span class='ocrx_word' id='word_1_172' title='bbox 631 2016 729 2080; x_wconf 92' lang='lat' dir='ltr'>terris</span> <span class='ocrx_word' id='word_1_173' title='bbox 752 2015 835 2079; x_wconf 88' lang='lat' dir='ltr'>mira</span> <span class='ocrx_word' id='word_1_174' title='bbox 859 2019 943 2079; x_wconf 88' lang='lat' dir='ltr'>sunt.</span> <span class='ocrx_word' id='word_1_175' title='bbox 988 2017 1023 2079; x_wconf 90' lang='lat' dir='ltr'>in</span> <span class='ocrx_word' id='word_1_176' title='bbox 1042 2037 1119 2099; x_wconf 90' lang='lat' dir='ltr'>quo·</span> <span class='ocrx_word' id='word_1_177' title='bbox 1138 2027 1172 2078; x_wconf 75' lang='lat'>55</span> 
     </span>
     <span class='ocr_line' id='line_1_22' title="bbox 106 2101 1121 2191; baseline 0.001 -24"><span class='ocrx_word' id='word_1_178' title='bbox 106 2103 182 2167; x_wconf 88' lang='lat' dir='ltr'>dam</span> <span class='ocrx_word' id='word_1_179' title='bbox 209 2103 282 2168; x_wconf 89' lang='lat' dir='ltr'>lacu</span> <span class='ocrx_word' id='word_1_180' title='bbox 311 2101 476 2191; x_wconf 76' lang='lat' dir='ltr'>Chemmis</span> <span class='ocrx_word' id='word_1_181' title='bbox 508 2103 615 2169; x_wconf 87' lang='lat' dir='ltr'>insula</span> <span class='ocrx_word' id='word_1_182' title='bbox 642 2104 731 2168; x_wconf 87' lang='lat' dir='ltr'>lucos</span> <span class='ocrx_word' id='word_1_183' title='bbox 765 2102 928 2186; x_wconf 82' lang='lat' dir='ltr'>silvasque</span> <span class='ocrx_word' id='word_1_184' title='bbox 961 2107 994 2168; x_wconf 95' lang='lat' dir='ltr'>et</span> <span class='ocrx_word' id='word_1_185' title='bbox 1020 2102 1121 2188; x_wconf 83' lang='lat' dir='ltr'>Apol·</span> 
     </span>
     <span class='ocr_line' id='line_1_23' title="bbox 105 2189 1119 2277; baseline 0.002 -22"><span class='ocrx_word' id='word_1_186' title='bbox 105 2190 181 2256; x_wconf 91' lang='lat' dir='ltr'>linis</span> <span class='ocrx_word' id='word_1_187' title='bbox 205 2189 327 2277; x_wconf 85' lang='lat' dir='ltr'>grande</span> <span class='ocrx_word' id='word_1_188' title='bbox 351 2192 516 2257; x_wconf 90' lang='lat' dir='ltr'>sustinens</span> <span class='ocrx_word' id='word_1_189' title='bbox 542 2191 702 2276; x_wconf 91' lang='lat' dir='ltr'>templum</span> <span class='ocrx_word' id='word_1_190' title='bbox 724 2194 832 2275; x_wconf 88' lang='lat' dir='ltr'>natat,</span> <span class='ocrx_word' id='word_1_191' title='bbox 861 2195 894 2255; x_wconf 89' lang='lat' dir='ltr'>et</span> <span class='ocrx_word' id='word_1_192' title='bbox 917 2212 1119 2277; x_wconf 84' lang='lat' dir='ltr'>quocumque</span> 
     </span>
     <span class='ocr_line' id='line_1_24' title="bbox 104 2279 1231 2365; baseline -0.001 -20"><span class='ocrx_word' id='word_1_193' title='bbox 104 2280 195 2345; x_wconf 87' lang='lat' dir='ltr'>venti</span> <span class='ocrx_word' id='word_1_194' title='bbox 213 2283 315 2365; x_wconf 81' lang='lat' dir='ltr'>agunt</span> <span class='ocrx_word' id='word_1_195' title='bbox 331 2280 474 2364; x_wconf 73' lang='lat' dir='ltr'>pellitur.</span> <span class='ocrx_word' id='word_1_196' title='bbox 518 2280 705 2365; x_wconf 87' lang='lat' dir='ltr'>pyramides</span> <span class='ocrx_word' id='word_1_197' title='bbox 723 2280 883 2344; x_wconf 87' lang='lat' dir='ltr'>tricenum</span> <span class='ocrx_word' id='word_1_198' title='bbox 900 2279 1020 2364; x_wconf 91' lang='lat' dir='ltr'>pedum</span> <span class='ocrx_word' id='word_1_199' title='bbox 1038 2281 1119 2364; x_wconf 90' lang='lat' dir='ltr'>lapi·</span> <span class='ocrx_word' id='word_1_200' title='bbox 1227 2279 1231 2285; x_wconf 78' lang='grc'>’</span> 
     </span>
     <span class='ocr_line' id='line_1_25' title="bbox 105 2368 1120 2454; baseline -0.001 -20"><span class='ocrx_word' id='word_1_201' title='bbox 105 2368 198 2434; x_wconf 88' lang='lat' dir='ltr'>dibus</span> <span class='ocrx_word' id='word_1_202' title='bbox 228 2371 407 2454; x_wconf 85' lang='lat' dir='ltr'>extructae,</span> <span class='ocrx_word' id='word_1_203' title='bbox 435 2389 572 2452; x_wconf 90' lang='lat' dir='ltr'>quarum</span> <span class='ocrx_word' id='word_1_204' title='bbox 599 2369 755 2452; x_wconf 83' lang='lat' dir='ltr'>maxima,</span> <span class='ocrx_word' id='word_1_205' title='bbox 783 2371 850 2432; x_wconf 92' lang='lat' dir='ltr'>tres</span> <span class='ocrx_word' id='word_1_206' title='bbox 872 2390 1012 2452; x_wconf 90' lang='lat' dir='ltr'>namque</span> <span class='ocrx_word' id='word_1_207' title='bbox 1036 2372 1120 2452; x_wconf 86' lang='lat' dir='ltr'>sunt,</span> 
     </span>
    </p>

    <p class='ocr_par' dir='ltr' id='par_1_7' title="bbox 65 2456 1172 2895">
     <span class='ocr_line' id='line_1_26' title="bbox 65 2456 1120 2542; baseline -0.001 -20"><span class='ocrx_word' id='word_1_208' title='bbox 65 2473 92 2515; x_wconf 79' lang='lat'>¹⁶</span> <span class='ocrx_word' id='word_1_209' title='bbox 105 2460 259 2542; x_wconf 88' lang='lat' dir='ltr'>quattuor</span> <span class='ocrx_word' id='word_1_210' title='bbox 280 2457 348 2522; x_wconf 87' lang='lat' dir='ltr'>fere</span> <span class='ocrx_word' id='word_1_211' title='bbox 372 2457 434 2522; x_wconf 92' lang='lat' dir='ltr'>soli</span> <span class='ocrx_word' id='word_1_212' title='bbox 460 2458 573 2542; x_wconf 84' lang='lat' dir='ltr'>iugera</span> <span class='ocrx_word' id='word_1_213' title='bbox 598 2479 661 2541; x_wconf 89' lang='lat' dir='ltr'>qua</span> <span class='ocrx_word' id='word_1_214' title='bbox 688 2456 779 2520; x_wconf 89' lang='lat' dir='ltr'>sedet</span> <span class='ocrx_word' id='word_1_215' title='bbox 807 2458 956 2539; x_wconf 84' lang='lat' dir='ltr'>occupat,</span> <span class='ocrx_word' id='word_1_216' title='bbox 982 2456 1120 2521; x_wconf 88' lang='lat' dir='ltr'>totidem</span> 
     </span>
     <span class='ocr_line' id='line_1_27' title="bbox 106 2544 1119 2631; baseline 0.001 -22"><span class='ocrx_word' id='word_1_217' title='bbox 106 2546 142 2609; x_wconf 89' lang='lat' dir='ltr'>in</span> <span class='ocrx_word' id='word_1_218' title='bbox 173 2544 380 2611; x_wconf 83' lang='lat' dir='ltr'>altitudinem</span> <span class='ocrx_word' id='word_1_219' title='bbox 413 2545 558 2631; x_wconf 78' lang='lat' dir='ltr'>erigitur.</span> <span class='ocrx_word' id='word_1_220' title='bbox 611 2544 746 2629; x_wconf 79' lang='lat' dir='ltr'>Moeris,</span> <span class='ocrx_word' id='word_1_221' title='bbox 778 2544 954 2630; x_wconf 90' lang='lat' dir='ltr'>aliquando</span> <span class='ocrx_word' id='word_1_222' title='bbox 986 2565 1119 2630; x_wconf 88' lang='lat' dir='ltr'>campus</span> 
     </span>
     <span class='ocr_line' id='line_1_28' title="bbox 104 2633 1120 2720; baseline 0.001 -22"><span class='ocrx_word' id='word_1_223' title='bbox 104 2655 190 2699; x_wconf 89' lang='lat' dir='ltr'>nunc</span> <span class='ocrx_word' id='word_1_224' title='bbox 213 2634 302 2700; x_wconf 92' lang='lat' dir='ltr'>lacus</span> <span class='ocrx_word' id='word_1_225' title='bbox 325 2633 443 2718; x_wconf 81' lang='lat' dir='ltr'>viginti</span> <span class='ocrx_word' id='word_1_226' title='bbox 461 2633 552 2698; x_wconf 93' lang='lat' dir='ltr'>milia</span> <span class='ocrx_word' id='word_1_227' title='bbox 569 2655 725 2718; x_wconf 88' lang='lat' dir='ltr'>passuum</span> <span class='ocrx_word' id='word_1_228' title='bbox 748 2633 783 2696; x_wconf 90' lang='lat' dir='ltr'>in</span> <span class='ocrx_word' id='word_1_229' title='bbox 805 2633 976 2698; x_wconf 85' lang='lat' dir='ltr'>circuitum</span> <span class='ocrx_word' id='word_1_230' title='bbox 994 2638 1120 2720; x_wconf 84' lang='lat' dir='ltr'>patens,</span> 
     </span>
     <span class='ocr_line' id='line_1_29' title="bbox 106 2721 1118 2808; baseline -0.001 -20"><span class='ocrx_word' id='word_1_231' title='bbox 106 2722 205 2789; x_wconf 88' lang='lat' dir='ltr'>altior</span> <span class='ocrx_word' id='word_1_232' title='bbox 222 2744 320 2806; x_wconf 89' lang='lat' dir='ltr'>quam</span> <span class='ocrx_word' id='word_1_233' title='bbox 335 2722 376 2788; x_wconf 88' lang='lat' dir='ltr'>ad</span> <span class='ocrx_word' id='word_1_234' title='bbox 394 2723 614 2807; x_wconf 83' lang='lat' dir='ltr'>navigandum</span> <span class='ocrx_word' id='word_1_235' title='bbox 629 2721 758 2807; x_wconf 81' lang='lat' dir='ltr'>magnis</span> <span class='ocrx_word' id='word_1_236' title='bbox 777 2722 966 2808; x_wconf 88' lang='lat' dir='ltr'>onustisque</span> <span class='ocrx_word' id='word_1_237' title='bbox 980 2723 1118 2787; x_wconf 85' lang='lat' dir='ltr'>navibus</span> 
     </span>
     <span class='ocr_line' id='line_1_30' title="bbox 106 2809 1172 2895; baseline -0.002 -19"><span class='ocrx_word' id='word_1_238' title='bbox 106 2812 185 2877; x_wconf 89' lang='lat' dir='ltr'>satis</span> <span class='ocrx_word' id='word_1_239' title='bbox 208 2815 266 2877; x_wconf 89' lang='lat' dir='ltr'>est.</span> <span class='ocrx_word' id='word_1_240' title='bbox 311 2809 522 2876; x_wconf 89' lang='lat' dir='ltr'>Psammetici</span> <span class='ocrx_word' id='word_1_241' title='bbox 545 2833 626 2895; x_wconf 91' lang='lat' dir='ltr'>opus</span> <span class='ocrx_word' id='word_1_242' title='bbox 649 2810 867 2895; x_wconf 87' lang='lat' dir='ltr'>labyrinthus,</span> <span class='ocrx_word' id='word_1_243' title='bbox 890 2810 1004 2877; x_wconf 90' lang='lat' dir='ltr'>domos</span> <span class='ocrx_word' id='word_1_244' title='bbox 1028 2810 1172 2875; x_wconf 74' lang='lat' dir='ltr'>milleto</span> 
     </span>
    </p>

    <p class='ocr_par' dir='ltr' id='par_1_8' title="bbox 65 2899 1119 3071">
     <span class='ocr_line' id='line_1_31' title="bbox 65 2899 1119 2985; baseline 0.004 -26"><span class='ocrx_word' id='word_1_245' title='bbox 65 2915 92 2958; x_wconf 81' lang='lat' dir='ltr'>so</span> <span class='ocrx_word' id='word_1_246' title='bbox 106 2903 139 2965; x_wconf 92' lang='lat' dir='ltr'>et</span> <span class='ocrx_word' id='word_1_247' title='bbox 156 2900 263 2984; x_wconf 79' lang='lat' dir='ltr'>regias</span> <span class='ocrx_word' id='word_1_248' title='bbox 281 2900 449 2966; x_wconf 89' lang='lat' dir='ltr'>duodecim</span> <span class='ocrx_word' id='word_1_249' title='bbox 468 2905 624 2985; x_wconf 90' lang='lat' dir='ltr'>perpetuo</span> <span class='ocrx_word' id='word_1_250' title='bbox 643 2899 777 2983; x_wconf 86' lang='lat' dir='ltr'>parietis</span> <span class='ocrx_word' id='word_1_251' title='bbox 797 2899 923 2963; x_wconf 91' lang='lat' dir='ltr'>ambitu</span> <span class='ocrx_word' id='word_1_252' title='bbox 941 2899 1119 2983; x_wconf 86' lang='lat' dir='ltr'>amplexus,</span> 
     </span>
     <span class='ocr_line' id='line_1_32' title="bbox 106 2987 1119 3071; baseline -0.001 -19"><span class='ocrx_word' id='word_1_253' title='bbox 106 3007 267 3054; x_wconf 89' lang='lat' dir='ltr'>marmore</span> <span class='ocrx_word' id='word_1_254' title='bbox 290 2991 456 3054; x_wconf 83' lang='lat' dir='ltr'>extructus</span> <span class='ocrx_word' id='word_1_255' title='bbox 480 3010 518 3052; x_wconf 85' lang='lat' dir='ltr'>ac</span> <span class='ocrx_word' id='word_1_256' title='bbox 540 2991 659 3071; x_wconf 88' lang='lat' dir='ltr'>tectus,</span> <span class='ocrx_word' id='word_1_257' title='bbox 687 3010 789 3052; x_wconf 89' lang='lat' dir='ltr'>unum</span> <span class='ocrx_word' id='word_1_258' title='bbox 811 2989 846 3051; x_wconf 92' lang='lat' dir='ltr'>in</span> <span class='ocrx_word' id='word_1_259' title='bbox 868 3008 902 3051; x_wconf 93' lang='lat' dir='ltr'>se</span> <span class='ocrx_word' id='word_1_260' title='bbox 930 2987 1119 3053; x_wconf 89' lang='lat' dir='ltr'>descensum</span> 
     </span>
    </p>
   </div>
   <div class='ocr_carea' id='block_1_3' title="bbox 104 3159 1125 3518">
    <p class='ocr_par' dir='ltr' id='par_1_9' title="bbox 104 3159 1125 3518">
     <span class='ocr_line' id='line_1_33' title="bbox 177 3159 1118 3232; baseline -0.005 -15"><span class='ocrx_word' id='word_1_261' title='bbox 177 3168 202 3217; x_wconf 82' lang='grc'>6.</span> <span class='ocrx_word' id='word_1_262' title='bbox 224 3162 354 3232; x_wconf 86' lang='lat' dir='ltr'>proprior</span> <span class='ocrx_word' id='word_1_263' title='bbox 376 3162 417 3216; x_wconf 89' lang='lat' dir='ltr'>A¹</span> <span class='ocrx_word' id='word_1_264' title='bbox 438 3160 555 3232; x_wconf 89' lang='lat' dir='ltr'>propior</span> <span class='ocrx_word' id='word_1_265' title='bbox 578 3161 618 3216; x_wconf 81' lang='lat' dir='ltr'>A’</span> <span class='ocrx_word' id='word_1_266' title='bbox 690 3167 714 3216; x_wconf 85' lang='lat'>8.</span> <span class='ocrx_word' id='word_1_267' title='bbox 739 3159 881 3216; x_wconf 86' lang='lat' dir='ltr'>ethaesiae</span> <span class='ocrx_word' id='word_1_268' title='bbox 905 3161 932 3214; x_wconf 98' lang='lat' dir='ltr'><strong><em>A</em></strong></span> <span class='ocrx_word' id='word_1_269' title='bbox 1006 3166 1047 3214; x_wconf 81' lang='lat'>12.</span> <span class='ocrx_word' id='word_1_270' title='bbox 1071 3159 1118 3212; x_wconf 84' lang='lat' dir='ltr'>ad-</span> 
     </span>
     <span class='ocr_line' id='line_1_34' title="bbox 105 3230 1117 3304; baseline -0.001 -18"><span class='ocrx_word' id='word_1_271' title='bbox 105 3231 214 3302; x_wconf 87' lang='lat' dir='ltr'>plicant</span> <span class='ocrx_word' id='word_1_272' title='bbox 228 3233 268 3287; x_wconf 88' lang='lat' dir='ltr'>A¹</span> <span class='ocrx_word' id='word_1_273' title='bbox 282 3233 429 3304; x_wconf 87' lang='lat' dir='ltr'>applicant</span> <span class='ocrx_word' id='word_1_274' title='bbox 441 3232 483 3288; x_wconf 79' lang='lat' dir='ltr'>A·</span> <span class='ocrx_word' id='word_1_275' title='bbox 552 3239 592 3288; x_wconf 84' lang='grc'>16.</span> <span class='ocrx_word' id='word_1_276' title='bbox 608 3231 787 3288; x_wconf 79' lang='lat' dir='ltr'>antisthenes</span> <span class='ocrx_word' id='word_1_277' title='bbox 801 3232 829 3286; x_wconf 89' lang='lat' dir='ltr'><strong><em>A</em></strong></span> <span class='ocrx_word' id='word_1_278' title='bbox 898 3237 940 3286; x_wconf 86' lang='grc'>19.</span> <span class='ocrx_word' id='word_1_279' title='bbox 955 3230 1117 3285; x_wconf 86' lang='lat' dir='ltr'>adcrescere</span> 
     </span>
     <span class='ocr_line' id='line_1_35' title="bbox 104 3300 1118 3375; baseline -0.003 -18"><span class='ocrx_word' id='word_1_280' title='bbox 104 3303 146 3357; x_wconf 85' lang='lat' dir='ltr'>A¹</span> <span class='ocrx_word' id='word_1_281' title='bbox 164 3304 385 3359; x_wconf 65' lang='lat' dir='ltr'>acenceres*</span> <span class='ocrx_word' id='word_1_282' title='bbox 448 3303 559 3375; x_wconf 88' lang='lat' dir='ltr'>hiemps</span> <span class='ocrx_word' id='word_1_283' title='bbox 577 3304 619 3359; x_wconf 78' lang='grc' dir='ltr'>Αι</span> <span class='ocrx_word' id='word_1_284' title='bbox 637 3302 728 3358; x_wconf 90' lang='lat' dir='ltr'>hiems</span> <span class='ocrx_word' id='word_1_285' title='bbox 746 3302 788 3359; x_wconf 68' lang='lat' dir='ltr'>A*</span> <span class='ocrx_word' id='word_1_286' title='bbox 851 3307 895 3358; x_wconf 75' lang='lat'>25.</span> <span class='ocrx_word' id='word_1_287' title='bbox 915 3317 986 3371; x_wconf 89' lang='lat' dir='ltr'>quae</span> <span class='ocrx_word' id='word_1_288' title='bbox 1006 3300 1072 3355; x_wconf 91' lang='lat' dir='ltr'>sede</span> <span class='ocrx_word' id='word_1_289' title='bbox 1090 3301 1118 3355; x_wconf 87' lang='lat' dir='ltr'><strong><em>A</em></strong></span> 
     </span>
     <span class='ocr_line' id='line_1_36' title="bbox 105 3372 1125 3442; baseline -0.005 -13"><span class='ocrx_word' id='word_1_290' title='bbox 105 3390 161 3442; x_wconf 88' lang='lat' dir='ltr'>qua</span> <span class='ocrx_word' id='word_1_291' title='bbox 179 3373 261 3429; x_wconf 87' lang='lat' dir='ltr'>sedet</span> <span class='ocrx_word' id='word_1_292' title='bbox 280 3375 432 3431; x_wconf 69' lang='lat' dir='ltr'>Platiurccs</span> <span class='ocrx_word' id='word_1_293' title='bbox 495 3381 538 3429; x_wconf 84' lang='lat'>31.</span> <span class='ocrx_word' id='word_1_294' title='bbox 558 3391 591 3429; x_wconf 86' lang='lat' dir='ltr'>ac</span> <span class='ocrx_word' id='word_1_295' title='bbox 609 3377 702 3429; x_wconf 89' lang='lat' dir='ltr'>tectus</span> <span class='ocrx_word' id='word_1_296' title='bbox 721 3406 756 3416; x_wconf 91' lang='lat'>-</span> <span class='ocrx_word' id='word_1_297' title='bbox 769 3373 846 3429; x_wconf 88' lang='lat' dir='ltr'>intus</span> <span class='ocrx_word' id='word_1_298' title='bbox 864 3389 915 3429; x_wconf 84' lang='lat' dir='ltr'>om.</span> <span class='ocrx_word' id='word_1_299' title='bbox 936 3372 976 3425; x_wconf 55' lang='grc' dir='ltr'>Αἱ</span> <span class='ocrx_word' id='word_1_300' title='bbox 994 3373 1067 3425; x_wconf 77' lang='lat' dir='ltr'>cdd..</span> <span class='ocrx_word' id='word_1_301' title='bbox 1088 3372 1125 3420; x_wconf 60' lang='lat' dir='ltr'>A*</span> 
     </span>
     <span class='ocr_line' id='line_1_37' title="bbox 105 3447 390 3518; baseline 0.007 -19"><span class='ocrx_word' id='word_1_302' title='bbox 105 3447 137 3499; x_wconf 79' lang='lat' dir='ltr'>ia</span> <span class='ocrx_word' id='word_1_303' title='bbox 154 3463 240 3518; x_wconf 75' lang='lat' dir='ltr'>mcrp.</span> <span class='ocrx_word' id='word_1_304' title='bbox 258 3447 390 3514; x_wconf 75' lang='lat' dir='ltr'>inferiore</span> 
     </span>
    </p>
   </div>
   <div class='ocr_carea' id='block_1_4' title="bbox 0 0 1263 3824">
    <p class='ocr_par' dir='ltr' id='par_1_10' title="bbox 0 0 1263 3824">
     <span class='ocr_line' id='line_1_38' title="bbox 0 0 1263 3824; baseline 0 0"><span class='ocrx_word' id='word_1_305' title='bbox 0 0 1263 3824; x_wconf 95' lang='lat' dir='ltr'> </span> 
     </span>
    </p>
   </div>
  </div>
 </body>
</html>
