2512 3824
429 185 614 273 enonoca.
632 186 659 240 11
678 192 694 242 a
713 189 841 257 (se—42)
1096 186 1139 252 37

126 351 215 416 minc
247 350 363 434 granth
393 349 501 414 fronte
530 348 693 432 procedit,
723 370 799 413 mox
826 349 908 413 mari
940 352 1078 433 utroque
1109 353 1142 414 et

125 439 219 505 Ionio
243 439 350 522 magis
369 438 474 502 latera
493 438 562 502 eius
580 437 733 522 intrante,
756 437 857 502 donec
878 441 1032 521 quattuor
1050 438 1143 504 milia

125 549 283 612 passuum
305 530 428 610 pateat,
450 526 559 591 media
574 525 677 591 ferme
700 544 801 610 prope
820 525 984 590 inciditur.
1028 526 1141 592 deinde
1160 540 1194 592 38

126 638 255 681 rursum
278 615 375 680 terris
397 615 460 680 huc
483 637 519 680 se
542 617 576 680 et
597 614 687 700 illue,
708 635 821 680 verum
842 613 878 678 in
900 612 1030 679 Ionium
1052 636 1141 680 mare

101 705 233 790 smagis
257 703 513 788 expandentibus
531 703 777 788 progressisque
800 703 835 766 in
854 702 969 787 altum,
989 707 1144 768 nontam

127 793 197 858 lata
224 814 322 876 quam
354 796 517 877 coeperat,
548 793 663 878 ingens
692 794 804 857 tamen
834 791 954 856 itonam
986 793 1019 855 et
1040 791 1144 876 ,quasi

125 902 228 965 paene
251 881 357 946 iusrrla
380 880 578 960 extenditur,
599 884 798 964 vocaturque
822 879 1075 964 Peloponnesos,
1098 879 1141 945 ob

127 970 216 1034 sinus
240 975 274 1034 et
295 969 533 1054 promunturia,
555 969 628 1053 quis
652 972 690 1034 ut
710 968 804 1033 fibris
826 967 926 1034 litora
949 968 1020 1033 eius
1041 968 1145 1033 incise

127 1062 217 1143 sunt,
250 1058 348 1124 simul
380 1057 464 1142 quod
495 1058 587 1123 tenui
613 1058 745 1122 tramite
777 1057 813 1121 in
843 1057 930 1122 latus
963 1056 1145 1141 effunditur,

42 1207 46 1215 .
88 1171 113 1212 ιο
126 1147 253 1231 platani
274 1147 355 1212 folio
375 1147 551 1212 simillima.
596 1168 617 1210 a
634 1144 828 1211 Macedonia
848 1145 955 1229 prima
977 1148 1028 1210 est
1046 1145 1145 1211 'Phes-
1163 1160 1197 1210 ιι

128 1235 229 1320 ralia,
269 1235 385 1301 deinde
421 1234 613 1319 Magnesia,
646 1233 833 1318 Phthiotis,
866 1233 983 1317 Doris,
1023 1233 1145 1319 Locris,

126 1323 261 1408 Phocis,
282 1324 433 1407 Boeotis,
454 1322 585 1406 Atthis,
608 1322 762 1407 Megaris,
784 1322 840 1387 sed
864 1323 1009 1388 omnium
1032 1322 1145 1388 Atthis
1215 1344 1220 1349 ·

128 1412 323 1496 clarissima3
355 1413 391 1477 in
421 1412 648 1496 Peloponneso
681 1410 830 1495 Argolis,
858 1410 1033 1495 Laconico,
1061 1411 1146 1476 Mes·

129 1500 230 1584 senia,
250 1500 386 1586 Achaia,
406 1500 489 1584 slis,
510 1499 665 1583 Arcadia3
687 1500 777 1564 ultra
799 1498 939 1583 Aetolia,
961 1499 1147 1564 Acarnania

89 1609 114 1650 rs
128 1591 163 1653 et
183 1587 305 1672 Epiros
326 1610 429 1673 usquc
450 1589 487 1653 in
508 1587 664 1654 Hadrian.
711 1587 749 1652 de
777 1587 858 1652 locis
886 1591 983 1673 atque
1010 1587 1145 1652 urbibus
1164 1603 1199 1653 40

111 1699 210 1760 quae
233 1699 323 1743 marc
345 1697 414 1743 non
437 1676 541 1742 adluit
562 1677 643 1742 haec
661 1676 802 1742 maxime
825 1675 1034 1742 memoranda
1057 1679 1146 1741 sunt:

127 1766 164 1830 in
186 1764 358 1832 Thessalia
380 1784 467 1831 nunc
489 1764 622 1831 Lusisse
649 1765 827 1850 aliquando
852 1765 972 1850 Iolcos,
1000 1765 1035 1830 in
1056 1762 1146 1850 Mag·

127 1854 219 1919 nesia
255 1855 433 1939 Antronia,
469 1855 505 1920 in
540 1853 734 1920 Phthiotide
768 1853 906 1938 Phthia,
941 1854 975 1918 in
1010 1852 1146 1920 Locride

129 1940 238 2026 Cynos
262 1947 296 2008 et
319 1941 497 2026 Calliaros,
523 1943 558 2008 ιιι
580 1941 723 2008 Phocide
744 1943 865 2026 Delphi
894 1946 928 2008 et
953 1965 1049 2008 mons
1070 1943 1147 2007 Par·

88 2051 115 2091 ιο
127 2051 242 2095 naseos
267 2052 285 2095 e
285 2031 484 2115 tApollinis
501 2029 613 2096 fanum
637 2035 737 2115 atque
759 2032 936 2114 oraculum,
956 2031 991 2094 in
1009 2029 1147 2094 Boeotia

129 2117 262 2184 Thebae
280 2122 313 2184 et
332 2116 509 2185 Cithaeron
526 2119 650 2185 fabulis
668 2119 932 2204 carminibusque
952 2118 1146 2203 celebratus,

127 2207 336 2299 mAtthide
371 2207 510 2274 Eleusin
545 2205 654 2274 Cereri
686 2211 891 2292 consecrata
927 2212 960 2274 et
945 2207 1146 2274 telariores
1165 2223 1199 2272 41

128 2317 226 2380 quam
253 2300 291 2363 ut
317 2297 456 2363 indicari
484 2300 602 2383 egeant
624 2297 824 2382 Athenae,
815 2320 851 2362 ιιι
872 2258 1039 2382 Megaride
1061 2297 1147 2361 unde

127 2385 255 2468 regioni
276 2407 398 2451 nomen
425 2389 475 2451 est
497 2385 646 2471 Megara,
673 2386 747 2450 ut
737 2408 773 2450 m
795 2385 953 2468 Argolide
976 2383 1085 2468 Argos
1114 2378 1173 2448 et

89 2492 115 2533 ιι
128 2471 284 2556 Mycenae
312 2479 392 2540 ett
377 2475 537 2559 templum
564 2473 700 2540 Iunonis
732 2477 896 2539 vetustate
925 2476 960 2537 et
986 2471 1147 2556 religione

128 2561 354 2647 percelebre,
344 2585 380 2626 m
396 2562 559 2628 Laconide
577 2562 779 2646 Therapnae,
796 2561 1028 2646 Lacedaemon,
1046 2561 1145 2645 Amy·

130 2650 207 2734 olae,
226 2672 320 2716 mons
339 2650 517 2737 Taygetus,
531 2650 567 2715 in
580 2649 742 2716 Messenia
759 2649 907 2716 Messene
926 2655 961 2717 et
977 2650 1145 2735 Methone,

129 2737 164 2803 in
188 2738 315 2805 Achaia
338 2742 436 2824 atque
458 2739 554 2805 Elide
577 2739 861 2825 quondamPisae
884 2739 1054 2826 Oenomai,
1076 2739 1148 2806 Elis
1166 2754 1201 2804 4ι

201 2971 227 3019 A
246 2980 315 3020 vero
332 2966 361 3020 A
379 2979 511 3023 remma
583 2975 606 3024 7.
626 2969 834 3038 peloponnesos
852 2966 894 3020 A¹
913 2978 982 3020 corr.
1055 2972 1096 3021 10.
1116 2965 1147 3020 iu

129 3034 295 3089 macedonia
321 3036 349 3090 A
376 3051 395 3090 a
419 3035 590 3092 Macedonia
616 3039 770 3094 Pintioous
852 3043 893 3091 11
922 3034 1080 3105 aphtlriotis
1106 3037 1147 3090 A¹

128 3104 269 3176 phthiotis
283 3105 326 3160 A
379 3113 421 3162 14.
439 3107 546 3163 achaea
558 3109 587 3162 A
600 3108 708 3163 Achaia
725 3122 743 3163 u
796 3105 919 3167 aeotolia
932 3106 974 3160 A¹
987 3106 1095 3162 aetolia
1106 3106 1146 3161 A*

202 3182 244 3231 lt
259 3175 358 3231 adrian
375 3178 404 3231 A
420 3177 547 3233 Hadrian
564 3182 665 3250 scripsi
733 3185 774 3234 17.
796 3177 912 3232 clarissa
928 3178 971 3232 A¹
988 3178 1089 3234 larissa
1106 3177 1146 3230 A¹

184 3252 226 3304 18.
241 3246 417 3318 pthiotidep
418 3248 480 3302 thia
493 3249 521 3304 A
588 3257 632 3308 ιο.
616 3197 731 3320 maeque
746 3250 787 3304 Al
801 3266 870 3306 corr.
944 3255 986 3306 ιι,
1003 3249 1148 3304 cithaeron

128 3320 170 3374 A¹
184 3335 253 3376 corr.
308 3323 350 3372 ιι.
370 3266 461 3373 attide
474 3319 635 3376 AAtthide
649 3340 671 3379 a
740 3327 783 3377 ιι.
801 3337 867 3390 meg
868 3319 947 3375 arida
960 3318 1145 3401 AMegaride

127 3407 148 3445 o
220 3397 263 3446 ιι.
282 3389 412 3460 argolidu
429 3390 471 3443 A¹
488 3407 558 3449 corr.
572 3392 742 3462 Argolides
814 3337 867 3446 ι7.8
876 3390 1022 3446 messenia
1035 3390 1153 3443 AMee-

128 3461 240 3519 οιιιιιο
