2512 3824
388 187 569 244 ofloaoos,
589 188 645 244 14.
665 192 681 244 a
701 191 828 259 (ao-aa)
1097 189 1115 251 'l

103 355 183 420 haec
212 373 338 419 summa
365 351 471 416 nostri
498 350 600 434 orbis,
626 351 689 414 hae
716 352 877 416 maximae
903 354 1028 436 partes,
1056 351 1119 417 hae
1138 367 1173 415 24

104 443 226 509 formae
245 444 422 525 gentesque
435 439 585 523 partium.
621 460 707 503 nuno
721 441 863 505 exactius
883 462 957 506 oras
972 441 1117 525 situsque

104 531 229 596 dicturo
252 529 326 593 inde
350 531 400 593 est
423 527 720 593 commodissimum
742 527 885 612 incipere
908 528 992 594 unde
1015 532 1119 595 terras

105 617 264 684 Nostrum
282 617 419 703 pelagus
433 615 624 700 ingreditur,
642 619 675 680 et
690 615 731 680 ab
744 615 797 680 his
810 616 1019 700 potissimum
1036 634 1119 701 quae
1241 659 1246 669 ·

78 706 254 771 sintluenti
281 705 394 770 dextra
426 708 515 788 sunt3
548 702 662 768 deinde
691 703 849 790 stringere
877 705 975 770 litora
1007 706 1119 772 ordine

105 816 169 878 quo
191 795 307 878 iacent,
328 793 572 878 peragratisque
591 791 741 857 omnibus
760 814 843 876 quae
861 793 894 858 id
912 806 1002 859 mare
1021 794 1120 859 attin·

105 886 188 968 gunt
205 883 313 968 legere
331 882 431 946 etiam
454 881 512 946 illa
530 902 612 966 quae
631 880 734 965 cingit
753 902 905 966 oceanue3
929 883 1032 948 donec
1050 902 1121 947 cur·

105 994 159 1036 sus
183 971 305 1055 incepti
327 969 444 1054 operis,
465 969 553 1034 intra
570 971 724 1053 armaque
747 969 980 1037 circumvectus
999 972 1121 1056 orbem,

104 1061 181 1124 illuc
203 1059 288 1124 unde
311 1059 454 1143 coeperit
476 1057 595 1123 redeat.

65 1169 90 1209 ro
191 1147 325 1212 Dictum
353 1151 403 1213 est
425 1146 629 1212 Atlanticum
657 1166 727 1211 esse
751 1167 906 1212 oceanum
933 1148 989 1231 qui
1014 1152 1120 1213 terras
1139 1123 1174 1252 {5

105 1234 149 1301 ab'
182 1235 349 1303 occidente
385 1235 597 1319 contingeret.
651 1232 726 1300 hinc
763 1235 798 1299 in
833 1234 992 1302 Nostrum
1032 1255 1121 1302 mare

103 1325 314 1408 pergentibus
346 1324 439 1388 laeva
468 1322 642 1406 Hispania,
677 1321 883 1389 Mauretania
916 1324 1031 1390 dextra
1063 1327 1122 1409 est,
1239 1327 1241 1330 ’

104 1411 228 1494 primae
250 1414 361 1494 partes
383 1411 441 1476 illa
462 1409 630 1495 Europae,
658 1409 738 1477 haee
761 1411 901 1478 Africae.
947 1413 1016 1478 eius
1045 1422 1122 1478 orae

104 1499 179 1564 finis
197 1498 365 1583 Mulucha,
384 1503 481 1583 caput
494 1503 592 1583 atque
612 1499 778 1564 exordium
792 1504 843 1564 est
859 1501 1122 1584 promunturium

66 1606 91 1648 rs
107 1587 192 1672 quod
215 1585 332 1652 Graeci
354 1585 594 1672 Ampelusiam,
617 1587 690 1651 Afri
713 1587 809 1652 aliter
833 1587 997 1654 sedidem
1021 1589 1121 1673 signi·

105 1675 223 1740 ficante
246 1675 406 1741 vocabulo
429 1675 607 1761 appellant.
653 1676 688 1740 in
715 1695 752 1742 eo
776 1679 827 1740 est
850 1696 963 1760 specus
987 1675 1123 1742 Herculi
1141 1691 1175 1742 aa

105 1763 647 1918 ltutltttttttllt
670 1765 1123 1939 tltltttlttttll

106 1902 313 2024 elaphadtino
331 1903 455 2026 tergoli
473 1946 602 2006 exsecta
619 1943 734 2026 ingens
754 1945 786 2006 et
805 1942 847 2007 ob
866 1942 1124 2028 magnitudinem

66 2050 92 2090 ro
106 2029 188 2093 nulli
205 2048 291 2094 nune
308 2027 556 2113 usurohabilis,
574 2050 672 2113 quam
690 2030 836 2094 locorum
855 2030 985 2095 accolae
1005 2031 1046 2095 ab
1064 2031 1123 2095 illo

106 2119 269 2203 gestatam
291 2134 351 2200 pro
375 2137 450 2183 vero
473 2116 598 2183 habent
624 2117 821 2202 traduntque
844 2122 878 2182 et
904 2117 979 2184 inde
1007 2118 1123 2184 eximie
1164 2150 1167 2155 ·

106 2205 223 2271 colunt.
260 2205 375 2272 deinde
393 2208 444 2272 est
461 2226 554 2272 mons
572 2205 746 2291 praealtus,
764 2205 795 2272 ei
814 2227 911 2291 quem
929 2221 968 2271 ex
987 2206 1123 2273 adverso
1142 2220 1176 2270 as

105 2293 266 2379 Hispania
289 2294 420 2360 adtollit
443 2295 603 2361 obiectus:
626 2295 712 2361 hunc
729 2293 864 2361 Abilam
886 2294 981 2360 illum
1000 2291 1125 2380 Calpen

105 2387 238 2466 vocant,
274 2380 451 2448 Columnas
487 2383 639 2449 Herculis
675 2386 857 2468 utrumque.
912 2383 1001 2448 addit
1036 2383 1125 2448 fama

67 2489 93 2531 ss
106 2471 248 2536 nominis
271 2471 431 2555 fabulam,
457 2470 632 2537 Herculem
659 2472 767 2556 ipsum
794 2472 923 2537 iunctos
950 2471 1031 2536 olim
1053 2490 1124 2555 per*

106 2561 206 2642 petuo
229 2559 308 2643 iugo
330 2559 497 2624 diremisse
521 2559 632 2642 eolles,
652 2564 748 2644 atque
770 2560 818 2624 ita
841 2561 1004 2626 exclusum
1028 2564 1125 2626 antea

108 2647 193 2713 mole
216 2647 376 2713 montium
400 2667 557 2713 oceanum
580 2647 722 2732 adquae
744 2669 830 2714 nunc
852 2647 989 2714 inundat
1007 2648 1124 2715 admis-

107 2758 188 2801 sum.
232 2735 286 2800 hic
308 2736 375 2800 iam
398 2757 487 2801 mare
509 2736 609 2801 latius
632 2735 791 2820 funditur,
814 2738 1046 2822 submotaeque
1069 2760 1124 2803 va-

108 2825 188 2889 stius
220 2828 325 2890 terras
357 2843 476 2910 magno
504 2825 629 2909 impetu
660 2825 806 2890 inflectit.
856 2829 1000 2890 ceterum
1032 2827 1124 2910 regio
1143 2840 1178 2891 aa

68 2948 95 2989 ω
108 2911 262 2996 ignobilis
285 2917 320 2978 et
337 2913 391 2978 rix
413 2913 586 2998 quicquam
604 2912 740 2979 inlustre
763 2913 880 2979 sortita
901 2914 1011 2997 parvis
1035 2914 1125 2998 oppi-

110 2999 159 3063 dis
182 2998 365 3085 habitatur,
387 3023 488 3086 parva
510 3001 646 3067 flumina
668 3001 803 3084 emittit,
831 3002 902 3067 solo
926 3022 1024 3086 quam
1046 3002 1124 3068 viris

180 3217 205 3264 6.
223 3208 254 3263 in
271 3225 348 3263 mare
365 3211 395 3264 A
412 3209 443 3265 id
465 3225 542 3265 mare
564 3209 591 3265 J.
617 3211 653 3264 A.
678 3211 799 3266 Mueller
872 3218 912 3268 13.
935 3209 1004 3265 illae
1024 3210 1051 3264 A
1075 3209 1126 3264 illa

107 3298 128 3337 a
181 3280 260 3351 haels
270 3281 299 3334 A
316 3279 387 3334 haec
405 3298 426 3336 o
480 3287 522 3336 14.
542 3280 633 3351 adque
648 3280 689 3336 A¹
707 3281 791 3350 atque
805 3281 847 3337 A²
899 3278 1126 3352 promunturium

108 3351 149 3406 A¹
163 3346 389 3421 promuntorium
407 3348 449 3406 A·
500 3357 541 3409 18.
557 3351 640 3406 anteo
654 3353 682 3405 A
733 3358 774 3407 19.
791 3351 1070 3419 exsectaA¹execta
1084 3352 1126 3407 A¹

179 3456 592 3513 aa.adt011itA¹attollitA²
663 3463 712 3514 au.
728 3421 765 3529 si,
783 3457 822 3512 n
894 3437 1097 3516 aetnam
1115 3447 1152 3494 n
