2512 3824
360 182 547 239 ouoaooa.
567 185 607 239 111
627 189 660 238 10
680 185 844 254 (101-107)
951 232 956 239 .
1073 183 1115 249 79

98 345 210 411 ferunt
227 348 387 412 tumulus:
409 346 495 412 unde
518 346 576 410 ubi
595 346 706 430 aliqua
728 367 805 430 pars
829 349 922 412 eruta
943 351 994 412 est
1012 350 1119 413 solent

99 434 221 500 imbres
250 436 376 520 spargi,
408 439 441 499 eb
469 434 571 500 donee
598 434 718 500 effossa
743 435 930 518 repleantur
957 437 1118 502 eveniunt.

100 523 270 588 hominum
296 546 372 609 pars
402 523 500 589 silvas
527 522 749 607 frequentant,
777 525 883 588 minus
912 545 1009 607 quam
1036 543 1179 610 quos10⁷

99 611 196 677 modo
226 612 367 679 diximus
393 612 485 698 vagi,
512 633 588 695 pars
611 611 648 676 in
670 612 806 677 urbibus
836 616 951 697 agunt,
980 635 1117 697 quarum

73 705 139 766 sut
157 701 244 765 inber
261 722 379 784 parvas
399 700 666 784 opulenbissimae
683 700 847 765 habentur
864 701 977 784 procul
997 724 1016 766 a
1034 703 1118 766 mari

102 787 207 867 Gilda,
229 788 405 874 Volubilis,
423 788 561 873 Banasa,
584 789 718 874 propius
737 793 847 854 aulem
866 787 943 854 Sala
966 794 1000 855 et
1017 788 1117 855 Lixos

99 877 227 942 flumini
253 877 334 945 Lixo
366 879 523 963 proxima.
573 877 661 942 ulbra
693 881 744 943 esb
773 877 904 943 colonia
937 882 970 943 et
999 879 1117 944 fluvius

100 964 173 1031 Gna
201 970 234 1031 et
256 967 340 1033 undo
367 967 497 1033 initium
524 965 660 1031 fecimus
684 966 875 1050 Ampelusia
902 967 936 1031 in
958 967 1117 1033 Nostrum
1205 1007 1208 1012 -

56 1108 61 1113 .
99 1055 166 1119 iam
189 1054 309 1121 fretum
326 1075 464 1141 vergens
482 1055 753 1141 promunturium,
776 1055 885 1139 operis
903 1056 1000 1121 huius
1020 1060 1117 1140 atque

102 1143 263 1210 Atlantici
285 1145 393 1210 liboris
415 1144 584 1210 terminus.

172 1327 196 1373 1.
225 1319 299 1374 solet
325 1319 353 1372 A
429 1325 453 1372 6.
478 1315 593 1386 gildavo
621 1316 783 1372 dubrilania
808 1319 836 1372 A
865 1316 950 1373 Gilda
974 1318 1117 1373 Volubilis

98 1389 211 1443 Banasa
234 1391 333 1459 scribsi
407 1389 537 1460 proprius
559 1387 602 1440 A1
626 1388 743 1459 propius
765 1388 807 1443 A²
882 1389 951 1443 lirio
976 1391 1005 1444 A
1032 1389 1117 1444 Lixos

98 1461 200 1530 scribsi
272 1466 295 1514 7.
315 1459 383 1514 limo
402 1461 430 1514 A
448 1460 518 1515 Lixo
540 1460 689 1516 Tzsebuclce
761 1466 785 1514 8.
806 1459 952 1530 ampelusia
969 1461 997 1514 A
