<?xml version="1.0" encoding="UTF-8"?>
<!DOCTYPE html PUBLIC "-//W3C//DTD XHTML 1.0 Transitional//EN"
    "http://www.w3.org/TR/xhtml1/DTD/xhtml1-transitional.dtd">
<html xmlns="http://www.w3.org/1999/xhtml" xml:lang="en" lang="en">
 <head>
  <title>
</title>
<meta http-equiv="Content-Type" content="text/html;charset=utf-8" />
  <meta name='ocr-system' content='tesseract 3.04.00' />
  <meta name='ocr-capabilities' content='ocr_page ocr_carea ocr_par ocr_line ocrx_word'/>
</head>
<body>
  <div class='ocr_page' id='page_1' title='image "./pomponiimelaede08melagoog_0087.png"; bbox 0 0 2512 3824; ppageno 0'>
   <div class='ocr_carea' id='block_1_1' title="bbox 140 165 808 232">
    <p class='ocr_par' dir='ltr' id='par_1_1' title="bbox 140 165 808 232">
     <span class='ocr_line' id='line_1_1' title="bbox 140 165 808 232; baseline -0.006 -9"><span class='ocrx_word' id='word_1_1' title='bbox 140 167 183 232; x_wconf 74' lang='grc'>70</span> <span class='ocrx_word' id='word_1_2' title='bbox 487 165 666 222; x_wconf 85' lang='lat' dir='ltr'>POMPONII</span> <span class='ocrx_word' id='word_1_3' title='bbox 683 165 808 221; x_wconf 79' lang='lat' dir='ltr'><strong><em>MELAE</em></strong></span> 
     </span>
    </p>
   </div>
   <div class='ocr_carea' id='block_1_2' title="bbox 38 328 1243 2982">
    <p class='ocr_par' dir='ltr' id='par_1_2' title="bbox 38 328 1243 2982">
     <span class='ocr_line' id='line_1_2' title="bbox 137 328 1156 416; baseline 0.003 -21"><span class='ocrx_word' id='word_1_4' title='bbox 137 330 343 416; x_wconf 81' lang='lat' dir='ltr'>regionibus,</span> <span class='ocrx_word' id='word_1_5' title='bbox 370 332 407 394; x_wconf 91' lang='lat' dir='ltr'>ut</span> <span class='ocrx_word' id='word_1_6' title='bbox 429 328 464 393; x_wconf 92' lang='lat' dir='ltr'>in</span> <span class='ocrx_word' id='word_1_7' title='bbox 488 330 597 413; x_wconf 91' lang='lat' dir='ltr'>aliqua</span> <span class='ocrx_word' id='word_1_8' title='bbox 620 335 714 413; x_wconf 88' lang='lat' dir='ltr'>parte</span> <span class='ocrx_word' id='word_1_9' title='bbox 738 329 807 395; x_wconf 91' lang='lat' dir='ltr'>eius</span> <span class='ocrx_word' id='word_1_10' title='bbox 834 333 948 395; x_wconf 91' lang='lat' dir='ltr'>neuter</span> <span class='ocrx_word' id='word_1_11' title='bbox 972 331 1156 414; x_wconf 74' lang='lat' dir='ltr'>septentrio</span> 
     </span>
     <span class='ocr_line' id='line_1_3' title="bbox 138 418 1156 503; baseline 0.002 -19"><span class='ocrx_word' id='word_1_12' title='bbox 138 419 306 503; x_wconf 73' lang='lat' dir='ltr'>adpareat,</span> <span class='ocrx_word' id='word_1_13' title='bbox 334 418 493 503; x_wconf 86' lang='lat' dir='ltr'>aliterque</span> <span class='ocrx_word' id='word_1_14' title='bbox 517 440 615 503; x_wconf 92' lang='lat' dir='ltr'>quam</span> <span class='ocrx_word' id='word_1_15' title='bbox 638 418 673 483; x_wconf 95' lang='lat' dir='ltr'>in</span> <span class='ocrx_word' id='word_1_16' title='bbox 696 418 770 483; x_wconf 85' lang='lat' dir='ltr'>aliis</span> <span class='ocrx_word' id='word_1_17' title='bbox 794 418 860 484; x_wconf 92' lang='lat' dir='ltr'>oris</span> <span class='ocrx_word' id='word_1_18' title='bbox 888 419 1022 484; x_wconf 85' lang='lat' dir='ltr'>umbrae</span> <span class='ocrx_word' id='word_1_19' title='bbox 1044 441 1156 486; x_wconf 91' lang='lat' dir='ltr'>rerum</span> 
     </span>
     <span class='ocr_line' id='line_1_4' title="bbox 86 507 1156 593; baseline 0.001 -20"><span class='ocrx_word' id='word_1_20' title='bbox 86 523 118 573; x_wconf 79' lang='lat' dir='ltr'>aa</span> <span class='ocrx_word' id='word_1_21' title='bbox 138 508 179 572; x_wconf 90' lang='lat' dir='ltr'>ad</span> <span class='ocrx_word' id='word_1_22' title='bbox 197 507 365 573; x_wconf 87' lang='lat' dir='ltr'>meridiem</span> <span class='ocrx_word' id='word_1_23' title='bbox 384 507 522 573; x_wconf 86' lang='lat' dir='ltr'>iaceant.</span> <span class='ocrx_word' id='word_1_24' title='bbox 563 510 707 572; x_wconf 89' lang='lat' dir='ltr'>ceterum</span> <span class='ocrx_word' id='word_1_25' title='bbox 725 507 854 591; x_wconf 87' lang='lat' dir='ltr'>fertilis,</span> <span class='ocrx_word' id='word_1_26' title='bbox 873 511 906 572; x_wconf 88' lang='lat' dir='ltr'>et</span> <span class='ocrx_word' id='word_1_27' title='bbox 923 508 1014 572; x_wconf 88' lang='lat' dir='ltr'>vario</span> <span class='ocrx_word' id='word_1_28' title='bbox 1034 528 1156 593; x_wconf 85' lang='lat' dir='ltr'>genere</span> 
     </span>
     <span class='ocr_line' id='line_1_5' title="bbox 138 595 1154 679; baseline 0.003 -18"><span class='ocrx_word' id='word_1_29' title='bbox 138 595 307 662; x_wconf 91' lang='lat' dir='ltr'>hominum</span> <span class='ocrx_word' id='word_1_30' title='bbox 326 595 529 679; x_wconf 90' lang='lat' dir='ltr'>aliorumque</span> <span class='ocrx_word' id='word_1_31' title='bbox 552 595 742 661; x_wconf 89' lang='lat' dir='ltr'>animalium</span> <span class='ocrx_word' id='word_1_32' title='bbox 762 599 874 662; x_wconf 85' lang='lat' dir='ltr'>scatet.</span> <span class='ocrx_word' id='word_1_33' title='bbox 920 596 981 661; x_wconf 91' lang='lat' dir='ltr'>alit</span> <span class='ocrx_word' id='word_1_34' title='bbox 998 596 1154 664; x_wconf 83' lang='lat' dir='ltr'>formicas</span> 
     </span>
     <span class='ocr_line' id='line_1_6' title="bbox 136 684 1183 770; baseline 0.003 -21"><span class='ocrx_word' id='word_1_35' title='bbox 136 706 203 750; x_wconf 92' lang='lat' dir='ltr'>non</span> <span class='ocrx_word' id='word_1_36' title='bbox 230 685 372 751; x_wconf 91' lang='lat' dir='ltr'>minores</span> <span class='ocrx_word' id='word_1_37' title='bbox 401 684 552 750; x_wconf 89' lang='lat' dir='ltr'>maximis</span> <span class='ocrx_word' id='word_1_38' title='bbox 576 685 723 767; x_wconf 91' lang='lat' dir='ltr'>canibus,</span> <span class='ocrx_word' id='word_1_39' title='bbox 752 706 833 768; x_wconf 90' lang='lat' dir='ltr'>quas</span> <span class='ocrx_word' id='word_1_40' title='bbox 857 706 947 750; x_wconf 91' lang='lat' dir='ltr'>more</span> <span class='ocrx_word' id='word_1_41' title='bbox 971 703 1183 770; x_wconf 69' lang='lat' dir='ltr'>gryporumo</span> 
     </span>
     <span class='ocr_line' id='line_1_7' title="bbox 136 773 1156 858; baseline 0.001 -19"><span class='ocrx_word' id='word_1_42' title='bbox 136 795 251 840; x_wconf 90' lang='lat' dir='ltr'>aurum</span> <span class='ocrx_word' id='word_1_43' title='bbox 278 774 409 858; x_wconf 84' lang='lat' dir='ltr'>penitus</span> <span class='ocrx_word' id='word_1_44' title='bbox 439 776 586 857; x_wconf 81' lang='lat' dir='ltr'>egestum</span> <span class='ocrx_word' id='word_1_45' title='bbox 615 795 687 838; x_wconf 95' lang='lat' dir='ltr'>cum</span> <span class='ocrx_word' id='word_1_46' title='bbox 720 795 848 838; x_wconf 91' lang='lat' dir='ltr'>summa</span> <span class='ocrx_word' id='word_1_47' title='bbox 874 773 1016 856; x_wconf 80' lang='lat' dir='ltr'>pernicie</span> <span class='ocrx_word' id='word_1_48' title='bbox 1050 774 1156 840; x_wconf 89' lang='lat' dir='ltr'>adtin-</span> 
     </span>
     <span class='ocr_line' id='line_1_8' title="bbox 137 861 1156 947; baseline 0 -19"><span class='ocrx_word' id='word_1_49' title='bbox 137 863 283 947; x_wconf 90' lang='lat' dir='ltr'>gentium</span> <span class='ocrx_word' id='word_1_50' title='bbox 301 861 461 927; x_wconf 90' lang='lat' dir='ltr'>custodire</span> <span class='ocrx_word' id='word_1_51' title='bbox 476 865 738 946; x_wconf 89' lang='lat' dir='ltr'>commemorant,</span> <span class='ocrx_word' id='word_1_52' title='bbox 757 863 915 926; x_wconf 83' lang='lat' dir='ltr'>immanes</span> <span class='ocrx_word' id='word_1_53' title='bbox 931 866 964 926; x_wconf 92' lang='lat' dir='ltr'>et</span> <span class='ocrx_word' id='word_1_54' title='bbox 977 867 1156 947; x_wconf 82' lang='lat' dir='ltr'>serpentes,</span> 
     </span>
     <span class='ocr_line' id='line_1_9' title="bbox 137 950 1156 1036; baseline 0 -20"><span class='ocrx_word' id='word_1_55' title='bbox 137 952 239 1036; x_wconf 86' lang='lat' dir='ltr'>aliqui</span> <span class='ocrx_word' id='word_1_56' title='bbox 261 955 299 1016; x_wconf 93' lang='lat' dir='ltr'>ut</span> <span class='ocrx_word' id='word_1_57' title='bbox 322 950 513 1034; x_wconf 90' lang='lat' dir='ltr'>elephantos</span> <span class='ocrx_word' id='word_1_58' title='bbox 531 971 642 1015; x_wconf 90' lang='lat' dir='ltr'>morsu</span> <span class='ocrx_word' id='word_1_59' title='bbox 665 953 762 1034; x_wconf 90' lang='lat' dir='ltr'>atque</span> <span class='ocrx_word' id='word_1_60' title='bbox 787 951 912 1015; x_wconf 88' lang='lat' dir='ltr'>ambitu</span> <span class='ocrx_word' id='word_1_61' title='bbox 936 951 1080 1034; x_wconf 89' lang='lat' dir='ltr'>corporis</span> <span class='ocrx_word' id='word_1_62' title='bbox 1100 952 1156 1016; x_wconf 91' lang='lat' dir='ltr'>ad-</span> 
     </span>
     <span class='ocr_line' id='line_1_10' title="bbox 136 1039 1157 1123; baseline 0.001 -19"><span class='ocrx_word' id='word_1_63' title='bbox 136 1041 260 1122; x_wconf 82' lang='lat' dir='ltr'>ficiant3</span> <span class='ocrx_word' id='word_1_64' title='bbox 284 1043 352 1104; x_wconf 88' lang='lat' dir='ltr'>tam</span> <span class='ocrx_word' id='word_1_65' title='bbox 376 1039 507 1123; x_wconf 86' lang='lat' dir='ltr'>pinguis</span> <span class='ocrx_word' id='word_1_66' title='bbox 531 1039 653 1104; x_wconf 91' lang='lat' dir='ltr'>alicubi</span> <span class='ocrx_word' id='word_1_67' title='bbox 677 1043 710 1104; x_wconf 89' lang='lat' dir='ltr'>et</span> <span class='ocrx_word' id='word_1_68' title='bbox 732 1044 801 1104; x_wconf 90' lang='lat' dir='ltr'>tam</span> <span class='ocrx_word' id='word_1_69' title='bbox 824 1039 941 1104; x_wconf 85' lang='lat' dir='ltr'>feracis</span> <span class='ocrx_word' id='word_1_70' title='bbox 965 1040 1037 1123; x_wconf 90' lang='lat' dir='ltr'>soli,</span> <span class='ocrx_word' id='word_1_71' title='bbox 1060 1041 1157 1105; x_wconf 92' lang='lat' dir='ltr'>utin</span> 
     </span>
     <span class='ocr_line' id='line_1_11' title="bbox 137 1127 1198 1212; baseline 0.003 -21"><span class='ocrx_word' id='word_1_72' title='bbox 137 1150 175 1194; x_wconf 91' lang='lat' dir='ltr'>eo</span> <span class='ocrx_word' id='word_1_73' title='bbox 198 1129 297 1193; x_wconf 91' lang='lat' dir='ltr'>mella</span> <span class='ocrx_word' id='word_1_74' title='bbox 324 1128 487 1192; x_wconf 80' lang='lat' dir='ltr'>frontibus</span> <span class='ocrx_word' id='word_1_75' title='bbox 517 1127 673 1211; x_wconf 90' lang='lat' dir='ltr'>defluant,</span> <span class='ocrx_word' id='word_1_76' title='bbox 701 1128 795 1192; x_wconf 89' lang='lat' dir='ltr'>lanas</span> <span class='ocrx_word' id='word_1_77' title='bbox 820 1128 920 1193; x_wconf 84' lang='lat' dir='ltr'>silvae</span> <span class='ocrx_word' id='word_1_78' title='bbox 947 1127 1069 1212; x_wconf 86' lang='lat' dir='ltr'>ferant,</span> <span class='ocrx_word' id='word_1_79' title='bbox 1096 1128 1198 1194; x_wconf 80' lang='lat' dir='ltr'>ha-10</span> 
     </span>
     <span class='ocr_line' id='line_1_12' title="bbox 136 1216 1243 1301; baseline 0.002 -21"><span class='ocrx_word' id='word_1_80' title='bbox 136 1216 311 1281; x_wconf 91' lang='lat' dir='ltr'>rundinum</span> <span class='ocrx_word' id='word_1_81' title='bbox 333 1217 411 1280; x_wconf 87' lang='lat' dir='ltr'>fissa</span> <span class='ocrx_word' id='word_1_82' title='bbox 434 1216 619 1282; x_wconf 89' lang='lat' dir='ltr'>internodia</span> <span class='ocrx_word' id='word_1_83' title='bbox 642 1217 744 1282; x_wconf 84' lang='lat' dir='ltr'>veluti</span> <span class='ocrx_word' id='word_1_84' title='bbox 764 1217 861 1281; x_wconf 85' lang='lat' dir='ltr'>navia</span> <span class='ocrx_word' id='word_1_85' title='bbox 883 1217 979 1280; x_wconf 90' lang='lat' dir='ltr'>binos</span> <span class='ocrx_word' id='word_1_86' title='bbox 1003 1221 1037 1280; x_wconf 90' lang='lat' dir='ltr'>et</span> <span class='ocrx_word' id='word_1_87' title='bbox 1060 1239 1156 1301; x_wconf 90' lang='lat' dir='ltr'>quae·</span> <span class='ocrx_word' id='word_1_88' title='bbox 1238 1218 1243 1223; x_wconf 54' lang='lat'><strong>⁴</strong></span> 
     </span>
     <span class='ocr_line' id='line_1_13' title="bbox 84 1305 1156 1390; baseline 0.002 -21"><span class='ocrx_word' id='word_1_89' title='bbox 84 1321 117 1369; x_wconf 85' lang='lat'>63</span> <span class='ocrx_word' id='word_1_90' title='bbox 138 1305 212 1369; x_wconf 90' lang='lat' dir='ltr'>dam</span> <span class='ocrx_word' id='word_1_91' title='bbox 231 1308 341 1369; x_wconf 89' lang='lat' dir='ltr'>ternos</span> <span class='ocrx_word' id='word_1_92' title='bbox 361 1305 461 1368; x_wconf 89' lang='lat' dir='ltr'>etiam</span> <span class='ocrx_word' id='word_1_93' title='bbox 479 1305 608 1368; x_wconf 88' lang='lat' dir='ltr'>vehant.</span> <span class='ocrx_word' id='word_1_94' title='bbox 650 1305 813 1370; x_wconf 89' lang='lat' dir='ltr'>cultorum</span> <span class='ocrx_word' id='word_1_95' title='bbox 831 1305 964 1370; x_wconf 90' lang='lat' dir='ltr'>habitus</span> <span class='ocrx_word' id='word_1_96' title='bbox 983 1326 1156 1390; x_wconf 85' lang='lat' dir='ltr'>moresque</span> 
     </span>
     <span class='ocr_line' id='line_1_14' title="bbox 136 1393 1157 1479; baseline 0.001 -21"><span class='ocrx_word' id='word_1_97' title='bbox 136 1393 320 1458; x_wconf 76' lang='lat' dir='ltr'>dissimiles,</span> <span class='ocrx_word' id='word_1_98' title='bbox 360 1393 428 1457; x_wconf 94' lang='lat' dir='ltr'>lino</span> <span class='ocrx_word' id='word_1_99' title='bbox 447 1393 504 1457; x_wconf 91' lang='lat' dir='ltr'>alii</span> <span class='ocrx_word' id='word_1_100' title='bbox 522 1393 707 1459; x_wconf 85' lang='lat' dir='ltr'>vestiuntur</span> <span class='ocrx_word' id='word_1_101' title='bbox 725 1397 782 1458; x_wconf 92' lang='lat' dir='ltr'>aut</span> <span class='ocrx_word' id='word_1_102' title='bbox 799 1395 885 1459; x_wconf 89' lang='lat' dir='ltr'>lanis</span> <span class='ocrx_word' id='word_1_103' title='bbox 904 1415 984 1478; x_wconf 89' lang='lat' dir='ltr'>quas</span> <span class='ocrx_word' id='word_1_104' title='bbox 1004 1393 1157 1479; x_wconf 85' lang='lat' dir='ltr'>diximus,</span> 
     </span>
     <span class='ocr_line' id='line_1_15' title="bbox 136 1481 1155 1567; baseline 0.001 -21"><span class='ocrx_word' id='word_1_105' title='bbox 136 1483 194 1547; x_wconf 92' lang='lat' dir='ltr'>alii</span> <span class='ocrx_word' id='word_1_106' title='bbox 215 1482 324 1547; x_wconf 82' lang='lat' dir='ltr'>arium</span> <span class='ocrx_word' id='word_1_107' title='bbox 347 1481 552 1566; x_wconf 89' lang='lat' dir='ltr'>ferarumque</span> <span class='ocrx_word' id='word_1_108' title='bbox 570 1482 726 1566; x_wconf 83' lang='lat' dir='ltr'>pellibus3</span> <span class='ocrx_word' id='word_1_109' title='bbox 750 1505 826 1565; x_wconf 92' lang='lat' dir='ltr'>pars</span> <span class='ocrx_word' id='word_1_110' title='bbox 844 1483 922 1547; x_wconf 94' lang='lat' dir='ltr'>nudi</span> <span class='ocrx_word' id='word_1_111' title='bbox 942 1485 1054 1567; x_wconf 88' lang='lat' dir='ltr'>agunt,</span> <span class='ocrx_word' id='word_1_112' title='bbox 1077 1504 1155 1565; x_wconf 89' lang='lat' dir='ltr'>pars</span> 
     </span>
     <span class='ocr_line' id='line_1_16' title="bbox 135 1571 1196 1655; baseline -0.007 -19"><span class='ocrx_word' id='word_1_113' title='bbox 135 1576 264 1638; x_wconf 86' lang='lat' dir='ltr'>tantum</span> <span class='ocrx_word' id='word_1_114' title='bbox 287 1572 427 1636; x_wconf 88' lang='lat' dir='ltr'>obscena</span> <span class='ocrx_word' id='word_1_115' title='bbox 449 1571 562 1654; x_wconf 69' lang='lat' dir='ltr'>velati,</span> <span class='ocrx_word' id='word_1_116' title='bbox 586 1571 643 1635; x_wconf 92' lang='lat' dir='ltr'>alii</span> <span class='ocrx_word' id='word_1_117' title='bbox 664 1571 805 1636; x_wconf 90' lang='lat' dir='ltr'>humiles</span> <span class='ocrx_word' id='word_1_118' title='bbox 828 1571 999 1655; x_wconf 81' lang='lat' dir='ltr'>parvique,</span> <span class='ocrx_word' id='word_1_119' title='bbox 1024 1571 1082 1634; x_wconf 91' lang='lat' dir='ltr'>alii</span> <span class='ocrx_word' id='word_1_120' title='bbox 1104 1571 1154 1634; x_wconf 88' lang='lat' dir='ltr'>ita</span> <span class='ocrx_word' id='word_1_121' title='bbox 1169 1586 1196 1628; x_wconf 81' lang='lat' dir='ltr'>rs</span> 
     </span>
     <span class='ocr_line' id='line_1_17' title="bbox 135 1658 1156 1745; baseline -0.004 -19"><span class='ocrx_word' id='word_1_122' title='bbox 135 1661 262 1744; x_wconf 81' lang='lat' dir='ltr'>proceri</span> <span class='ocrx_word' id='word_1_123' title='bbox 285 1664 318 1725; x_wconf 91' lang='lat' dir='ltr'>et</span> <span class='ocrx_word' id='word_1_124' title='bbox 337 1681 470 1743; x_wconf 91' lang='lat' dir='ltr'>corpore</span> <span class='ocrx_word' id='word_1_125' title='bbox 494 1661 654 1745; x_wconf 85' lang='lat' dir='ltr'>ingentes,</span> <span class='ocrx_word' id='word_1_126' title='bbox 678 1663 715 1724; x_wconf 93' lang='lat' dir='ltr'>ut</span> <span class='ocrx_word' id='word_1_127' title='bbox 734 1660 918 1743; x_wconf 84' lang='lat' dir='ltr'>elephantis</span> <span class='ocrx_word' id='word_1_128' title='bbox 938 1659 1037 1724; x_wconf 91' lang='lat' dir='ltr'>etiam</span> <span class='ocrx_word' id='word_1_129' title='bbox 1056 1661 1089 1723; x_wconf 87' lang='lat' dir='ltr'>et</span> <span class='ocrx_word' id='word_1_130' title='bbox 1107 1658 1156 1723; x_wconf 92' lang='lat' dir='ltr'>ibi</span> 
     </span>
     <span class='ocr_line' id='line_1_18' title="bbox 136 1748 1156 1832; baseline 0 -20"><span class='ocrx_word' id='word_1_131' title='bbox 136 1748 287 1812; x_wconf 91' lang='lat' dir='ltr'>maximis</span> <span class='ocrx_word' id='word_1_132' title='bbox 312 1749 396 1813; x_wconf 84' lang='lat' dir='ltr'>sicut</span> <span class='ocrx_word' id='word_1_133' title='bbox 413 1770 474 1813; x_wconf 93' lang='lat' dir='ltr'>nos</span> <span class='ocrx_word' id='word_1_134' title='bbox 494 1749 585 1831; x_wconf 89' lang='lat' dir='ltr'>equis</span> <span class='ocrx_word' id='word_1_135' title='bbox 604 1749 701 1813; x_wconf 90' lang='lat' dir='ltr'>facile</span> <span class='ocrx_word' id='word_1_136' title='bbox 721 1753 818 1832; x_wconf 89' lang='lat' dir='ltr'>atque</span> <span class='ocrx_word' id='word_1_137' title='bbox 837 1748 993 1812; x_wconf 91' lang='lat' dir='ltr'>habiliter</span> <span class='ocrx_word' id='word_1_138' title='bbox 1010 1750 1156 1812; x_wconf 88' lang='lat' dir='ltr'>utantur.</span> 
     </span>
     <span class='ocr_line' id='line_1_19' title="bbox 83 1836 1157 1921; baseline -0.002 -19"><span class='ocrx_word' id='word_1_139' title='bbox 83 1853 118 1903; x_wconf 86' lang='grc'>64</span> <span class='ocrx_word' id='word_1_140' title='bbox 138 1837 270 1921; x_wconf 91' lang='lat' dir='ltr'>quidam</span> <span class='ocrx_word' id='word_1_141' title='bbox 301 1836 428 1900; x_wconf 92' lang='lat' dir='ltr'>nullum</span> <span class='ocrx_word' id='word_1_142' title='bbox 463 1836 587 1901; x_wconf 93' lang='lat' dir='ltr'>animal</span> <span class='ocrx_word' id='word_1_143' title='bbox 623 1836 781 1919; x_wconf 91' lang='lat' dir='ltr'>occidere,</span> <span class='ocrx_word' id='word_1_144' title='bbox 817 1837 909 1901; x_wconf 90' lang='lat' dir='ltr'>nulla</span> <span class='ocrx_word' id='word_1_145' title='bbox 941 1857 1035 1900; x_wconf 87' lang='lat' dir='ltr'>carne</span> <span class='ocrx_word' id='word_1_146' title='bbox 1067 1836 1157 1900; x_wconf 82' lang='lat' dir='ltr'>vesei</span> 
     </span>
     <span class='ocr_line' id='line_1_20' title="bbox 137 1924 1157 2009; baseline -0.002 -19"><span class='ocrx_word' id='word_1_147' title='bbox 137 1925 296 2009; x_wconf 92' lang='lat' dir='ltr'>optimum</span> <span class='ocrx_word' id='word_1_148' title='bbox 329 1925 532 2008; x_wconf 88' lang='lat' dir='ltr'>existimant,</span> <span class='ocrx_word' id='word_1_149' title='bbox 565 1925 723 2009; x_wconf 90' lang='lat' dir='ltr'>quosdam</span> <span class='ocrx_word' id='word_1_150' title='bbox 754 1928 886 1989; x_wconf 91' lang='lat' dir='ltr'>tantum</span> <span class='ocrx_word' id='word_1_151' title='bbox 916 1925 1021 2008; x_wconf 85' lang='lat' dir='ltr'>pisces</span> <span class='ocrx_word' id='word_1_152' title='bbox 1054 1924 1157 1988; x_wconf 86' lang='lat' dir='ltr'>alunt.</span> 
     </span>
     <span class='ocr_line' id='line_1_21' title="bbox 136 2012 1196 2098; baseline -0.004 -19"><span class='ocrx_word' id='word_1_153' title='bbox 136 2013 267 2098; x_wconf 90' lang='lat' dir='ltr'>quidam</span> <span class='ocrx_word' id='word_1_154' title='bbox 291 2013 432 2098; x_wconf 88' lang='lat' dir='ltr'>proximi</span> <span class='ocrx_word' id='word_1_155' title='bbox 454 2018 607 2097; x_wconf 90' lang='lat' dir='ltr'>parentes</span> <span class='ocrx_word' id='word_1_156' title='bbox 630 2015 822 2098; x_wconf 85' lang='lat' dir='ltr'>priusquam</span> <span class='ocrx_word' id='word_1_157' title='bbox 846 2015 940 2079; x_wconf 88' lang='lat' dir='ltr'>annis</span> <span class='ocrx_word' id='word_1_158' title='bbox 969 2016 1026 2076; x_wconf 87' lang='lat' dir='ltr'>aut</span> <span class='ocrx_word' id='word_1_159' title='bbox 1049 2012 1154 2096; x_wconf 88' lang='lat' dir='ltr'>aegri·</span> <span class='ocrx_word' id='word_1_160' title='bbox 1167 2028 1196 2069; x_wconf 73' lang='lat'>20</span> 
     </span>
     <span class='ocr_line' id='line_1_22' title="bbox 135 2101 1157 2185; baseline -0.002 -18"><span class='ocrx_word' id='word_1_161' title='bbox 135 2103 247 2168; x_wconf 89' lang='lat' dir='ltr'>tudine</span> <span class='ocrx_word' id='word_1_162' title='bbox 271 2103 306 2166; x_wconf 95' lang='lat' dir='ltr'>in</span> <span class='ocrx_word' id='word_1_163' title='bbox 334 2103 470 2167; x_wconf 88' lang='lat' dir='ltr'>maciem</span> <span class='ocrx_word' id='word_1_164' title='bbox 499 2107 574 2167; x_wconf 89' lang='lat' dir='ltr'>eant</span> <span class='ocrx_word' id='word_1_165' title='bbox 597 2103 686 2168; x_wconf 85' lang='lat' dir='ltr'>velut</span> <span class='ocrx_word' id='word_1_166' title='bbox 713 2103 839 2168; x_wconf 91' lang='lat' dir='ltr'>hostias</span> <span class='ocrx_word' id='word_1_167' title='bbox 868 2101 1019 2185; x_wconf 90' lang='lat' dir='ltr'>caedunt,</span> <span class='ocrx_word' id='word_1_168' title='bbox 1047 2121 1157 2165; x_wconf 89' lang='lat' dir='ltr'>caeso-</span> 
     </span>
     <span class='ocr_line' id='line_1_23' title="bbox 135 2189 1156 2274; baseline -0.001 -19"><span class='ocrx_word' id='word_1_169' title='bbox 135 2213 271 2274; x_wconf 89' lang='lat' dir='ltr'>rumque</span> <span class='ocrx_word' id='word_1_170' title='bbox 298 2191 476 2255; x_wconf 82' lang='lat' dir='ltr'>risoeribus</span> <span class='ocrx_word' id='word_1_171' title='bbox 505 2192 630 2273; x_wconf 89' lang='lat' dir='ltr'>epulari</span> <span class='ocrx_word' id='word_1_172' title='bbox 657 2191 708 2256; x_wconf 85' lang='lat' dir='ltr'>fas</span> <span class='ocrx_word' id='word_1_173' title='bbox 741 2195 774 2254; x_wconf 89' lang='lat' dir='ltr'>et</span> <span class='ocrx_word' id='word_1_174' title='bbox 803 2191 943 2256; x_wconf 82' lang='lat' dir='ltr'>maxime</span> <span class='ocrx_word' id='word_1_175' title='bbox 974 2189 1065 2274; x_wconf 93' lang='lat' dir='ltr'>pium</span> <span class='ocrx_word' id='word_1_176' title='bbox 1095 2193 1156 2254; x_wconf 89' lang='lat' dir='ltr'>est.</span> 
     </span>
     <span class='ocr_line' id='line_1_24' title="bbox 84 2278 1155 2362; baseline -0.002 -18"><span class='ocrx_word' id='word_1_177' title='bbox 84 2294 118 2344; x_wconf 86' lang='grc'>66</span> <span class='ocrx_word' id='word_1_178' title='bbox 138 2283 172 2343; x_wconf 92' lang='lat' dir='ltr'>at</span> <span class='ocrx_word' id='word_1_179' title='bbox 195 2279 251 2343; x_wconf 91' lang='lat' dir='ltr'>ubi</span> <span class='ocrx_word' id='word_1_180' title='bbox 275 2283 423 2343; x_wconf 89' lang='lat' dir='ltr'>senectus</span> <span class='ocrx_word' id='word_1_181' title='bbox 451 2281 508 2342; x_wconf 88' lang='lat' dir='ltr'>aut</span> <span class='ocrx_word' id='word_1_182' title='bbox 536 2280 667 2344; x_wconf 88' lang='lat' dir='ltr'>morbus</span> <span class='ocrx_word' id='word_1_183' title='bbox 696 2279 830 2344; x_wconf 87' lang='lat' dir='ltr'>incessit</span> <span class='ocrx_word' id='word_1_184' title='bbox 856 2278 970 2362; x_wconf 89' lang='lat' dir='ltr'>procul</span> <span class='ocrx_word' id='word_1_185' title='bbox 997 2300 1016 2343; x_wconf 87' lang='lat' dir='ltr'>a</span> <span class='ocrx_word' id='word_1_186' title='bbox 1039 2279 1155 2342; x_wconf 86' lang='lat' dir='ltr'>ceteris</span> 
     </span>
     <span class='ocr_line' id='line_1_25' title="bbox 137 2367 1156 2451; baseline -0.001 -19"><span class='ocrx_word' id='word_1_187' title='bbox 137 2369 266 2450; x_wconf 90' lang='lat' dir='ltr'>abeunt,</span> <span class='ocrx_word' id='word_1_188' title='bbox 289 2370 493 2451; x_wconf 91' lang='lat' dir='ltr'>mortemque</span> <span class='ocrx_word' id='word_1_189' title='bbox 511 2367 547 2432; x_wconf 92' lang='lat' dir='ltr'>in</span> <span class='ocrx_word' id='word_1_190' title='bbox 565 2367 739 2433; x_wconf 91' lang='lat' dir='ltr'>solitudine</span> <span class='ocrx_word' id='word_1_191' title='bbox 757 2367 841 2431; x_wconf 91' lang='lat' dir='ltr'>nihil</span> <span class='ocrx_word' id='word_1_192' title='bbox 866 2367 955 2432; x_wconf 90' lang='lat' dir='ltr'>anxii</span> <span class='ocrx_word' id='word_1_193' title='bbox 973 2369 1156 2449; x_wconf 90' lang='lat' dir='ltr'>expectant.</span> 
     </span>
     <span class='ocr_line' id='line_1_26' title="bbox 70 2455 1197 2540; baseline -0.003 -19"><span class='ocrx_word' id='word_1_194' title='bbox 70 2456 74 2462; x_wconf 76' lang='grc'>’</span> <span class='ocrx_word' id='word_1_195' title='bbox 135 2456 362 2540; x_wconf 87' lang='lat' dir='ltr'>prudentiores</span> <span class='ocrx_word' id='word_1_196' title='bbox 382 2459 415 2520; x_wconf 90' lang='lat' dir='ltr'>et</span> <span class='ocrx_word' id='word_1_197' title='bbox 439 2455 555 2540; x_wconf 88' lang='lat' dir='ltr'>quibus</span> <span class='ocrx_word' id='word_1_198' title='bbox 575 2478 627 2522; x_wconf 90' lang='lat' dir='ltr'>ars</span> <span class='ocrx_word' id='word_1_199' title='bbox 652 2457 858 2540; x_wconf 89' lang='lat' dir='ltr'>studiumque</span> <span class='ocrx_word' id='word_1_200' title='bbox 877 2455 1056 2540; x_wconf 88' lang='lat' dir='ltr'>sapientiae</span> <span class='ocrx_word' id='word_1_201' title='bbox 1080 2475 1155 2520; x_wconf 87' lang='lat' dir='ltr'>eon·</span> <span class='ocrx_word' id='word_1_202' title='bbox 1169 2470 1197 2510; x_wconf 79' lang='lat'>¹⁶</span> 
     </span>
     <span class='ocr_line' id='line_1_27' title="bbox 136 2543 1156 2630; baseline -0.001 -22"><span class='ocrx_word' id='word_1_203' title='bbox 136 2545 236 2629; x_wconf 85' lang='lat' dir='ltr'>tingit</span> <span class='ocrx_word' id='word_1_204' title='bbox 254 2567 321 2609; x_wconf 94' lang='lat' dir='ltr'>non</span> <span class='ocrx_word' id='word_1_205' title='bbox 340 2548 514 2628; x_wconf 86' lang='lat' dir='ltr'>expectant</span> <span class='ocrx_word' id='word_1_206' title='bbox 532 2567 613 2629; x_wconf 89' lang='lat' dir='ltr'>eam,</span> <span class='ocrx_word' id='word_1_207' title='bbox 632 2545 688 2610; x_wconf 89' lang='lat' dir='ltr'>sed</span> <span class='ocrx_word' id='word_1_208' title='bbox 706 2544 883 2630; x_wconf 88' lang='lat' dir='ltr'>ingerendo</span> <span class='ocrx_word' id='word_1_209' title='bbox 903 2547 1005 2609; x_wconf 89' lang='lat' dir='ltr'>semet</span> <span class='ocrx_word' id='word_1_210' title='bbox 1023 2543 1156 2628; x_wconf 84' lang='lat' dir='ltr'>ignibus</span> 
     </span>
     <span class='ocr_line' id='line_1_28' title="bbox 84 2631 1156 2717; baseline -0.001 -21"><span class='ocrx_word' id='word_1_211' title='bbox 84 2649 118 2697; x_wconf 94' lang='grc'>66</span> <span class='ocrx_word' id='word_1_212' title='bbox 137 2633 217 2697; x_wconf 89' lang='lat' dir='ltr'>laeti</span> <span class='ocrx_word' id='word_1_213' title='bbox 240 2636 273 2696; x_wconf 91' lang='lat' dir='ltr'>et</span> <span class='ocrx_word' id='word_1_214' title='bbox 296 2655 368 2696; x_wconf 91' lang='lat' dir='ltr'>oum</span> <span class='ocrx_word' id='word_1_215' title='bbox 393 2633 498 2717; x_wconf 86' lang='lat' dir='ltr'>gloria</span> <span class='ocrx_word' id='word_1_216' title='bbox 522 2637 697 2699; x_wconf 88' lang='lat' dir='ltr'>arcessunt.</span> <span class='ocrx_word' id='word_1_217' title='bbox 743 2633 874 2698; x_wconf 90' lang='lat' dir='ltr'>urbium</span> <span class='ocrx_word' id='word_1_218' title='bbox 896 2654 976 2717; x_wconf 88' lang='lat' dir='ltr'>quas</span> <span class='ocrx_word' id='word_1_219' title='bbox 1000 2631 1156 2716; x_wconf 88' lang='lat' dir='ltr'>incolunt,</span> 
     </span>
     <span class='ocr_line' id='line_1_29' title="bbox 138 2720 1159 2806; baseline -0.001 -21"><span class='ocrx_word' id='word_1_220' title='bbox 138 2724 214 2786; x_wconf 90' lang='lat' dir='ltr'>sunt</span> <span class='ocrx_word' id='word_1_221' title='bbox 237 2721 346 2784; x_wconf 88' lang='lat' dir='ltr'>autem</span> <span class='ocrx_word' id='word_1_222' title='bbox 369 2721 539 2805; x_wconf 92' lang='lat' dir='ltr'>plurimae,</span> <span class='ocrx_word' id='word_1_223' title='bbox 562 2721 656 2806; x_wconf 86' lang='lat' dir='ltr'>Nysa</span> <span class='ocrx_word' id='word_1_224' title='bbox 680 2726 729 2787; x_wconf 88' lang='lat' dir='ltr'>est</span> <span class='ocrx_word' id='word_1_225' title='bbox 748 2722 930 2786; x_wconf 88' lang='lat' dir='ltr'>clarissima</span> <span class='ocrx_word' id='word_1_226' title='bbox 953 2723 986 2785; x_wconf 91' lang='lat' dir='ltr'>et</span> <span class='ocrx_word' id='word_1_227' title='bbox 1004 2720 1159 2803; x_wconf 83' lang='lat' dir='ltr'>maxima,-</span> 
     </span>
     <span class='ocr_line' id='line_1_30' title="bbox 38 2806 1156 2893; baseline -0.003 -19"><span class='ocrx_word' id='word_1_228' title='bbox 38 2817 43 2828; x_wconf 88' lang='lat'>&#39;</span> <span class='ocrx_word' id='word_1_229' title='bbox 137 2809 299 2874; x_wconf 91' lang='lat' dir='ltr'>montium</span> <span class='ocrx_word' id='word_1_230' title='bbox 321 2806 428 2873; x_wconf 89' lang='lat' dir='ltr'>Meros</span> <span class='ocrx_word' id='word_1_231' title='bbox 451 2807 522 2874; x_wconf 87' lang='lat' dir='ltr'>Iovi</span> <span class='ocrx_word' id='word_1_232' title='bbox 550 2831 648 2876; x_wconf 87' lang='lat' dir='ltr'>sacer.</span> <span class='ocrx_word' id='word_1_233' title='bbox 693 2811 815 2875; x_wconf 88' lang='lat' dir='ltr'>famam</span> <span class='ocrx_word' id='word_1_234' title='bbox 842 2809 918 2876; x_wconf 92' lang='lat' dir='ltr'>hino</span> <span class='ocrx_word' id='word_1_235' title='bbox 945 2809 1156 2893; x_wconf 89' lang='lat' dir='ltr'>praecipuam</span> 
     </span>
     <span class='ocr_line' id='line_1_31' title="bbox 137 2895 1196 2982; baseline -0.001 -20"><span class='ocrx_word' id='word_1_236' title='bbox 137 2898 274 2982; x_wconf 80' lang='lat' dir='ltr'>habent3</span> <span class='ocrx_word' id='word_1_237' title='bbox 312 2897 348 2962; x_wconf 93' lang='lat' dir='ltr'>in</span> <span class='ocrx_word' id='word_1_238' title='bbox 378 2896 437 2962; x_wconf 88' lang='lat' dir='ltr'>illa</span> <span class='ocrx_word' id='word_1_239' title='bbox 469 2898 630 2982; x_wconf 88' lang='lat' dir='ltr'>genitum,</span> <span class='ocrx_word' id='word_1_240' title='bbox 667 2899 703 2963; x_wconf 92' lang='lat' dir='ltr'>in</span> <span class='ocrx_word' id='word_1_241' title='bbox 733 2899 830 2963; x_wconf 90' lang='lat' dir='ltr'>huius</span> <span class='ocrx_word' id='word_1_242' title='bbox 867 2919 965 2982; x_wconf 89' lang='lat' dir='ltr'>specu</span> <span class='ocrx_word' id='word_1_243' title='bbox 996 2895 1152 2962; x_wconf 88' lang='lat' dir='ltr'>Liberum</span> <span class='ocrx_word' id='word_1_244' title='bbox 1168 2913 1196 2954; x_wconf 77' lang='lat'>³0</span> 
     </span>
    </p>
   </div>
   <div class='ocr_carea' id='block_1_3' title="bbox 37 3087 1159 3512">
    <p class='ocr_par' dir='ltr' id='par_1_3' title="bbox 37 3087 1159 3512">
     <span class='ocr_line' id='line_1_32' title="bbox 209 3087 1158 3160; baseline -0.002 -16"><span class='ocrx_word' id='word_1_245' title='bbox 209 3096 234 3144; x_wconf 76' lang='lat'>2.</span> <span class='ocrx_word' id='word_1_246' title='bbox 250 3089 386 3158; x_wconf 87' lang='lat' dir='ltr'>adpareat</span> <span class='ocrx_word' id='word_1_247' title='bbox 399 3089 440 3144; x_wconf 84' lang='lat' dir='ltr'>A¹</span> <span class='ocrx_word' id='word_1_248' title='bbox 454 3093 590 3160; x_wconf 85' lang='lat' dir='ltr'>appareat</span> <span class='ocrx_word' id='word_1_249' title='bbox 603 3090 645 3145; x_wconf 81' lang='lat' dir='ltr'>A’</span> <span class='ocrx_word' id='word_1_250' title='bbox 699 3097 724 3145; x_wconf 87' lang='lat'>3.</span> <span class='ocrx_word' id='word_1_251' title='bbox 739 3089 834 3145; x_wconf 88' lang='lat' dir='ltr'>iacent</span> <span class='ocrx_word' id='word_1_252' title='bbox 843 3089 870 3144; x_wconf 98' lang='lat' dir='ltr'><strong><em>A</em></strong></span> <span class='ocrx_word' id='word_1_253' title='bbox 883 3088 996 3144; x_wconf 87' lang='lat' dir='ltr'>iaceant</span> <span class='ocrx_word' id='word_1_254' title='bbox 1010 3087 1158 3143; x_wconf 74' lang='lat' dir='ltr'>Vedianas</span> 
     </span>
     <span class='ocr_line' id='line_1_33' title="bbox 210 3156 1156 3229; baseline -0.004 -14"><span class='ocrx_word' id='word_1_255' title='bbox 210 3166 233 3216; x_wconf 84' lang='lat'>5.</span> <span class='ocrx_word' id='word_1_256' title='bbox 253 3159 345 3214; x_wconf 89' lang='lat' dir='ltr'>minus</span> <span class='ocrx_word' id='word_1_257' title='bbox 359 3161 387 3215; x_wconf 88' lang='lat' dir='ltr'><strong><em>A</em></strong></span> <span class='ocrx_word' id='word_1_258' title='bbox 405 3160 527 3215; x_wconf 88' lang='lat' dir='ltr'>minores</span> <span class='ocrx_word' id='word_1_259' title='bbox 541 3179 562 3216; x_wconf 80' lang='lat' dir='ltr'><strong><em>x</em></strong></span> <span class='ocrx_word' id='word_1_260' title='bbox 633 3161 768 3215; x_wconf 87' lang='lat' dir='ltr'>maximas</span> <span class='ocrx_word' id='word_1_261' title='bbox 782 3161 825 3216; x_wconf 86' lang='lat' dir='ltr'>A²</span> <span class='ocrx_word' id='word_1_262' title='bbox 843 3177 911 3216; x_wconf 82' lang='lat' dir='ltr'>corr.</span> <span class='ocrx_word' id='word_1_263' title='bbox 931 3161 998 3229; x_wconf 75' lang='lat' dir='ltr'>(fuit</span> <span class='ocrx_word' id='word_1_264' title='bbox 1015 3156 1156 3227; x_wconf 81' lang='lat' dir='ltr'>maximis)</span> 
     </span>
     <span class='ocr_line' id='line_1_34' title="bbox 37 3228 1158 3304; baseline -0.004 -18"><span class='ocrx_word' id='word_1_265' title='bbox 37 3293 43 3304; x_wconf 37' lang='lat'><strong><em>¹</em></strong></span> <span class='ocrx_word' id='word_1_266' title='bbox 135 3230 267 3286; x_wconf 85' lang='lat' dir='ltr'>maximis</span> <span class='ocrx_word' id='word_1_267' title='bbox 280 3248 301 3286; x_wconf 78' lang='lat' dir='ltr'>a</span> <span class='ocrx_word' id='word_1_268' title='bbox 355 3248 508 3302; x_wconf 74' lang='lat' dir='ltr'>gryporum</span> <span class='ocrx_word' id='word_1_269' title='bbox 525 3232 566 3286; x_wconf 88' lang='lat' dir='ltr'>A¹</span> <span class='ocrx_word' id='word_1_270' title='bbox 581 3232 754 3302; x_wconf 80' lang='lat' dir='ltr'>gryphorum</span> <span class='ocrx_word' id='word_1_271' title='bbox 767 3232 809 3286; x_wconf 84' lang='lat' dir='ltr'>A¹</span> <span class='ocrx_word' id='word_1_272' title='bbox 863 3239 887 3287; x_wconf 86' lang='grc'>6.</span> <span class='ocrx_word' id='word_1_273' title='bbox 904 3237 929 3287; x_wconf 78' lang='grc'>7.</span> <span class='ocrx_word' id='word_1_274' title='bbox 947 3228 1158 3299; x_wconf 84' lang='lat' dir='ltr'>adtingentium</span> 
     </span>
     <span class='ocr_line' id='line_1_35' title="bbox 137 3301 1157 3371; baseline 0 -15"><span class='ocrx_word' id='word_1_275' title='bbox 137 3301 394 3371; x_wconf 88' lang='lat' dir='ltr'>A¹attingentium</span> <span class='ocrx_word' id='word_1_276' title='bbox 411 3302 453 3356; x_wconf 92' lang='lat' dir='ltr'>A¹</span> <span class='ocrx_word' id='word_1_277' title='bbox 507 3308 532 3356; x_wconf 92' lang='lat'>8.</span> <span class='ocrx_word' id='word_1_278' title='bbox 546 3305 579 3356; x_wconf 90' lang='lat' dir='ltr'>ut</span> <span class='ocrx_word' id='word_1_279' title='bbox 592 3304 634 3357; x_wconf 84' lang='lat' dir='ltr'>A¹</span> <span class='ocrx_word' id='word_1_280' title='bbox 652 3319 720 3359; x_wconf 82' lang='lat' dir='ltr'>corr.</span> <span class='ocrx_word' id='word_1_281' title='bbox 776 3303 999 3371; x_wconf 86' lang='lat' dir='ltr'>atqueA¹corr.</span> <span class='ocrx_word' id='word_1_282' title='bbox 1055 3305 1157 3356; x_wconf 83' lang='lat'>10.11.</span> 
     </span>
     <span class='ocr_line' id='line_1_36' title="bbox 136 3368 1157 3451; baseline 0.002 -26"><span class='ocrx_word' id='word_1_283' title='bbox 136 3372 326 3426; x_wconf 89' lang='lat' dir='ltr'>harundinum</span> <span class='ocrx_word' id='word_1_284' title='bbox 344 3373 385 3427; x_wconf 91' lang='lat' dir='ltr'>A¹</span> <span class='ocrx_word' id='word_1_285' title='bbox 404 3371 572 3451; x_wconf 79' lang='lat' dir='ltr'>arundinum</span> <span class='ocrx_word' id='word_1_286' title='bbox 586 3373 627 3428; x_wconf 88' lang='lat' dir='ltr'>A¹</span> <span class='ocrx_word' id='word_1_287' title='bbox 699 3379 741 3429; x_wconf 90' lang='lat'>11.</span> <span class='ocrx_word' id='word_1_288' title='bbox 760 3372 850 3427; x_wconf 89' lang='lat' dir='ltr'>veluti</span> <span class='ocrx_word' id='word_1_289' title='bbox 868 3374 896 3428; x_wconf 89' lang='lat' dir='ltr'><strong><em>A</em></strong></span> <span class='ocrx_word' id='word_1_290' title='bbox 914 3374 1031 3442; x_wconf 82' lang='lat' dir='ltr'>(litteras</span> <span class='ocrx_word' id='word_1_291' title='bbox 1047 3368 1073 3422; x_wconf 90' lang='lat' dir='ltr'>ti</span> <span class='ocrx_word' id='word_1_292' title='bbox 1090 3371 1157 3426; x_wconf 78' lang='lat' dir='ltr'>add.</span> 
     </span>
     <span class='ocr_line' id='line_1_37' title="bbox 134 3439 1159 3512; baseline 0.001 -17"><span class='ocrx_word' id='word_1_293' title='bbox 134 3443 189 3509; x_wconf 81' lang='lat' dir='ltr'>A‘)</span> <span class='ocrx_word' id='word_1_294' title='bbox 260 3441 359 3497; x_wconf 87' lang='lat' dir='ltr'>navita</span> <span class='ocrx_word' id='word_1_295' title='bbox 372 3445 400 3498; x_wconf 90' lang='lat' dir='ltr'><strong><em>A</em></strong></span> <span class='ocrx_word' id='word_1_296' title='bbox 418 3444 503 3499; x_wconf 84' lang='lat' dir='ltr'>naria</span> <span class='ocrx_word' id='word_1_297' title='bbox 519 3443 631 3500; x_wconf 80' lang='lat' dir='ltr'>Vossius</span> <span class='ocrx_word' id='word_1_298' title='bbox 703 3450 746 3500; x_wconf 74' lang='lat'>2⁶.</span> <span class='ocrx_word' id='word_1_299' title='bbox 766 3443 793 3498; x_wconf 92' lang='lat' dir='ltr'>ei</span> <span class='ocrx_word' id='word_1_300' title='bbox 811 3442 913 3512; x_wconf 86' lang='lat' dir='ltr'>quibus</span> <span class='ocrx_word' id='word_1_301' title='bbox 928 3445 954 3496; x_wconf 85' lang='lat' dir='ltr'><strong><em>A</em></strong></span> <span class='ocrx_word' id='word_1_302' title='bbox 974 3443 1003 3497; x_wconf 90' lang='lat' dir='ltr'>et</span> <span class='ocrx_word' id='word_1_303' title='bbox 1021 3439 1159 3509; x_wconf 76' lang='lat' dir='ltr'>quibusc</span> 
     </span>
    </p>
   </div>
   <div class='ocr_carea' id='block_1_4' title="bbox 0 0 1260 3824">
    <p class='ocr_par' dir='ltr' id='par_1_4' title="bbox 0 0 1260 3824">
     <span class='ocr_line' id='line_1_38' title="bbox 0 0 1260 3824; baseline 0 1"><span class='ocrx_word' id='word_1_304' title='bbox 0 0 1260 3824; x_wconf 95' lang='lat' dir='ltr'> </span> 
     </span>
    </p>
   </div>
  </div>
 </body>
</html>
