2512 3824
402 184 584 243 cflonocu.
603 185 630 240 11
649 191 665 241 r
684 187 848 257 (roo-⁶110)
1089 188 1130 252 51

118 353 321 433 spatiumque
342 347 586 432 augescentium
606 347 641 412 in
658 346 766 412 vicina
783 347 866 412 vada
883 351 1061 432 promovet.
1099 349 1135 415 in
1146 368 1196 419 10⁶

116 438 229 503 Africa
243 439 358 501 contra
371 435 529 500 maiorem
543 433 668 519 Syrtim
681 435 859 520 Enteletos,
873 439 986 501 contra
999 437 1135 503 minoris

115 520 1140 611 promunturiallleninxethruinacontraCarthaginissinunr.

117 612 273 697 Chyarae,
287 612 411 696 Thylae
425 615 459 677 et
472 611 619 698 Aegatae
628 611 777 677 Romana
792 611 881 677 clade
895 614 1135 679 memorabiles.

91 703 227 786 splures
253 701 404 785 Europae
431 700 584 766 litoribus
616 700 782 784 adpositae
815 704 903 766 sunt:
935 701 970 765 in
1001 701 1133 786 Aegaeo
1145 721 1197 772 106

116 791 200 856 mari
231 811 332 874 prope
360 789 532 854 Thraciam
564 789 704 874 Thasos,
736 789 879 874 Imbros,
912 787 1135 875 Samothrace,

117 877 279 963 Scandile‚
307 877 505 963 Polyaegos,
533 875 698 963 Sciathos,
724 877 940 962 Halonessos,
973 882 1006 944 et
1036 899 1134 962 quam

117 967 291 1051 aliquando
323 967 475 1032 omnibus
507 967 563 1051 qui
599 987 707 1032 mares
740 971 834 1032 erant
866 967 967 1033 caesis
1004 970 1134 1032 tantum

115 1056 257 1120 feminae
289 1056 435 1120 tenuisse
467 1055 618 1120 dicuntur
650 1054 738 1121 Atho
772 1056 876 1121 monti
909 1055 1049 1120 Lemnos
1081 1055 1134 1120 ad·

78 1164 104 1205 10
118 1166 219 1210 versa
263 1143 448 1230 Pagasaeus
472 1144 563 1209 sinus
587 1141 711 1228 Scyron
733 1144 906 1228 prospicit,
931 1142 1134 1228 Cicynethon

117 1233 334 1318 amplectitur.
374 1232 512 1297 Euboea
529 1232 570 1296 ad
593 1232 761 1297 meridiem
783 1233 1047 1316 promunturium
1072 1231 1195 1301 (is-107

115 1327 246 1388 raestou
275 1325 308 1386 et
332 1319 513 1403 Capherea,
541 1320 582 1384 ad
610 1322 864 1404 septentrionem
889 1318 1051 1386 Cenaeum
1081 1344 1134 1386 ex·

116 1411 232 1494 trudit,
260 1414 293 1472 et
314 1430 475 1493 nusquam
498 1409 567 1473 lata
589 1409 688 1474 duum
711 1411 839 1474 milium
868 1410 1012 1494 spatium
1034 1409 1137 1474 habet

115 1498 173 1563 ubi
196 1497 362 1562 artissima
385 1500 443 1581 est,
466 1501 608 1562 ceterum
630 1499 730 1584 longa
751 1499 876 1582 totique
899 1497 1056 1563 Boeotiae
1081 1497 1134 1561 ad·

80 1605 107 1646 1s
120 1586 228 1671 posita
252 1589 392 1672 angusto
414 1585 499 1651 ‘freto
523 1585 625 1651 distat
647 1607 667 1650 a
688 1585 793 1651 litore.
837 1584 986 1670 Euripon
1006 1589 1135 1670 vocant,
1144 1604 1196 1654 108

115 1675 266 1760 rapidum
280 1695 379 1759 mare,
398 1678 431 1739 et
445 1675 573 1739 alterno
592 1695 688 1739 cursu
707 1675 850 1758 septiens
865 1674 917 1738 die
936 1695 974 1739 ac
988 1674 1132 1758 septiens

115 1769 213 1830 nocte
234 1764 388 1829 fluctibus
415 1763 451 1829 in
478 1762 582 1828 vicem
605 1764 707 1828 versis
731 1763 810 1828 adeo
834 1762 995 1828 inmodice
1020 1762 1133 1848 fluens,

115 1856 153 1917 ut
182 1857 299 1917 ventos
330 1853 430 1916 etiam
458 1873 496 1916 ac
522 1852 621 1936 plena
652 1852 758 1917 ventis
786 1851 920 1935 navigia
948 1850 1132 1916 frustretur.

116 1941 241 2024 aliquot
272 1941 307 2004 in
339 1962 377 2004 ea
408 1944 485 2004 sunt
520 1940 640 2023 oppida
672 1938 784 2023 Styra,
819 1939 961 2022 Eretria,
998 1940 1133 2024 Pyrrha,

77 2047 104 2088 ao
117 2026 238 2110 Nesos,
270 2025 438 2105 Oechalia,
470 2047 582 2090 verum
615 2028 881 2110 opulentissimae
913 2024 1068 2109 Carystos
1100 2032 1135 2091 et

117 2113 258 2180 Chalcis.
303 2115 338 2180 in
360 2113 498 2179 Atthide
520 2113 645 2179 Helene
668 2119 718 2180 est
738 2118 819 2180 nota
842 2119 954 2199 stupro
977 2114 1193 2200 Helenue,109

116 2208 150 2269 et
168 2201 309 2269 Salamis
332 2202 455 2268 excidio
480 2204 594 2268 classis
616 2203 761 2288 persicae
779 2203 899 2269 notior.
936 2204 1022 2270 circa
1039 2203 1132 2269 Pelo-

114 2313 283 2378 ponneson
306 2292 406 2358 etiam
428 2292 569 2357 nuncin
593 2292 723 2377 Aegaeo
746 2291 923 2377 Pitynussa
948 2295 982 2358 et
1004 2291 1132 2378 Aegina

114 2381 312 2465 Epidaurieo
344 2380 433 2446 litori
464 2381 625 2464 proxima,
657 2380 834 2447 Troezenic
863 2378 1015 2445 Calauria
1046 2381 1131 2444 inter

77 2489 104 2530 rs
117 2470 277 2554 ignobiles
305 2469 387 2533 alias
419 2469 485 2533 leto
512 2467 743 2534 Demosthenis
772 2468 906 2550 nobilis,
937 2468 973 2531 in
1000 2467 1130 2553 Myrtoo
1142 2486 1193 2536 110

114 2555 256 2642 Cythera
278 2559 392 2622 contra
408 2553 549 2639 Malean,
572 2554 721 2621 Oenussa
743 2559 776 2620 et
795 2555 993 2640 Theganusa
1016 2562 1130 2623 contra

113 2644 279 2729 Acritam3
298 2639 445 2710 in'Ionio
463 2642 572 2728 Prote,
590 2643 731 2726 Asteria,
750 2639 969 2729 Cephallania,
986 2643 1130 2731 Neritos,

114 2732 223 2819 Same,
251 2733 452 2818 Zacynthos,
482 2731 672 2798 Dulichium
700 2737 733 2799 et
760 2734 846 2799 inter
871 2747 938 2798 non
967 2733 1130 2819 ignobiles

185 2897 210 2946 3.
233 2889 324 2945 menis
345 2890 373 2944 A
395 2889 511 2944 Meninx
531 2907 550 2945 o
620 2896 646 2944 4.
670 2889 797 2958 Chyarae
818 2889 859 2943 A¹
884 2905 954 2946 corr.
1026 2895 1056 2944 5.
1080 2889 1129 2943 ad·

113 2959 225 3030 positae
244 2961 284 3042 A}
303 2960 452 3032 appositae
469 2959 517 3042 A¹.
564 2976 653 3084 aegeo
667 2961 720 3044 A·
750 2967 775 3015 7.
794 2960 928 3028 scaudyle
941 2960 970 3013 A
1024 2958 1128 3014 sciatos

113 3032 141 3086 A
196 3037 237 3088 10.
258 3047 421 3101 sacynysson
439 3031 468 3085 A
486 3029 604 3100 C1oynet
625 3047 662 3085 on
684 3030 798 3086 Venetus
854 3037 894 3085 11.
916 3037 957 3085 12.
976 3030 1129 3100 geresthon

113 3103 141 3157 A
196 3108 239 3156 12.
258 3101 416 3172 capherean
433 3102 462 3154 A
515 3117 652 3156 cauneum
669 3101 697 3155 A
716 3101 856 3157 Cenaeum
875 3101 1025 3157 Habemus
1086 3107 1127 3158 13.

112 3173 502 3298 ‘'limittit‘'
529 3171 808 3298 sihilarilplll
824 3171 865 3298 ἐξ
884 3172 1016 3298 {curt
1034 3171 1118 3296 A'u

113 3251 227 3369 ddlanra
243 3314 272 3368 A
334 3318 377 3368 tt.
395 3312 498 3382 myrtio
516 3312 544 3367 A
561 3285 673 3382 ldyrtoc
691 3332 708 3369 c
776 3321 818 3370 26.
836 3260 991 3384 tegeahysa
1008 3313 1036 3366 A
1054 3281 1128 3367 The:

168 3402 220 3440 usa
241 3385 388 3440 Barbarus
464 3391 507 3441 27.
529 3383 621 3440 rionio
649 3385 677 3439 A
699 3385 730 3439 in
752 3384 831 3439 Ionio
853 3401 870 3440 o
937 3381 1077 3454 prostoria
1098 3384 1127 3437 A

150 3459 204 3526 ote,
223 3455 336 3511 Asteria
355 3455 468 3511 Vinctus
538 3456 653 3524 nerytos
667 3455 695 3509 A

968 3536 1000 3590 A*
