2512 3824
317 199 503 256 cuoeocs.
520 199 549 253 11
567 205 583 255 ι
603 201 767 271 (ιιι-ιιι)
785 201 826 256 ιιι
845 207 859 256 ι
880 202 919 271 (ι)
1080 200 1124 266 oo

108 362 275 446 pestilens.
321 361 356 425 in
374 382 412 424 ea
430 362 625 445 populorum
649 361 870 446 antiquissimi
888 365 964 428 sunt
981 363 1125 447 Ilienses,

109 451 239 517 urbium
267 449 512 534 antiquissimae
540 447 667 514 Caralis
696 454 729 514 et
752 448 849 515 Sulci.
894 454 929 515 et
955 451 992 515 in
1018 450 1126 521 Gellia
1137 467 1188 519 124

110 561 191 622 quas
213 537 334 602 referre
357 537 529 602 conveniat
555 537 645 603 solae
674 541 751 603 sunt
774 536 970 604 Stoechades
1000 539 1041 606 ab
1067 561 1127 606 ora

111 626 270 710 Ligurum
296 625 338 691 sd
360 624 542 691 Massiliam
569 648 671 711 usque
698 627 873 711 dispersae.
918 625 1064 693 Baliares
1091 629 1126 694 in

84 711 274 799 ⁵Hispenia
300 717 413 780 contra
435 713 688 780 Tarraconensis
709 715 809 780 litora
831 714 913 780 sitae
939 737 1006 780 non
1028 716 1126 800 longe

110 803 196 868 inter
215 825 249 868 se
269 802 453 887 distentet
472 824 511 867 ex
527 803 636 886 spatio
656 804 706 869 sni
720 803 968 889 cognominibus
986 805 1126 888 acceptis

110 891 250 956 maiores
285 891 492 975 minoresque
530 891 752 994 perhibentur.
810 892 944 957 castella
981 897 1056 957 sunt
1092 893 1127 956 in

109 979 289 1045 minoribus
314 979 429 1045 lemno
462 983 496 1044 et
522 979 638 1065 Mago,
669 981 704 1044 in
735 980 914 1046 maioribus
945 979 1127 1046 Palmct
1093 985 1127 1046 et
1242 1048 1244 1059 ,

109 1066 271 1133 Pollentia
285 1069 439 1134 coloniae
470 1066 634 1133 Ebueose
653 1069 787 1153 regione
805 1069 1024 1152 promunturii
1042 1068 1127 1170 quod
1138 1085 1188 1134 125

72 1172 99 1216 ιο
112 1155 147 1220 in
175 1155 368 1222 Sucronensi
400 1156 475 1221 sinu
501 1155 685 1220 Ferrariam
711 1161 829 1222 vocant
856 1156 980 1223 eodem
996 1157 1127 1222 nomine

110 1245 223 1310 urbem
245 1245 360 1329 habet,
386 1244 558 1309 frumentis
583 1248 715 1310 tantum
741 1267 809 1311 non
834 1245 972 1311 fecunde
999 1246 1040 1311 ad
1063 1246 1128 1312 alis

109 1333 250 1417 largior,
278 1336 312 1398 et
339 1332 485 1397 omnium
513 1332 702 1399 animalium
725 1355 807 1418 quae
829 1337 948 1399 nocent
971 1335 1051 1400 odeo
1075 1355 1127 1399 ex·

110 1443 194 1504 pers,
217 1425 317 1485 utne
340 1420 532 1504 sequidem
556 1443 638 1505 quae
661 1423 701 1486 de
726 1423 912 1506 agrestibus
934 1423 1030 1487 mitia
1053 1425 1129 1486 sunt

112 1512 170 1572 eut
192 1512 325 1592 generet
347 1513 405 1573 aut
428 1509 456 1573 si
477 1509 606 1573 invecta
627 1514 705 1574 sunt
728 1511 896 1574 sustinect.
940 1513 1056 1574 contre
1078 1512 1129 1574 est
1139 1523 1190 1574 196

72 1612 99 1653 1⁵
112 1594 307 1662 Colubraria
322 1597 411 1662 cuius
425 1597 614 1662 meminisse
627 1597 795 1682 succurrit,
814 1598 900 1682 quod
914 1619 985 1662 eum
1003 1601 1128 1663 scateat

111 1685 214 1751 multo
242 1706 280 1750 sc
307 1685 454 1751 malefico
483 1705 600 1770 genere
628 1686 826 1770 serpentium
850 1690 883 1750 et
910 1686 954 1750 sit
980 1685 1054 1752 ideo
1081 1686 1129 1750 in-

110 1773 312 1858 habitabilis,
328 1778 441 1840 temen
458 1773 615 1859 ingressis
633 1796 706 1839 eam
724 1775 812 1840 intra
829 1774 863 1839 id
882 1775 1023 1858 spatium
1043 1773 1129 1859 quod

110 1860 293 1927 Ebusitana
319 1863 419 1928 humo
451 1863 788 1948 circumsignavenmt
819 1863 889 1928 sine
921 1863 1129 1946 pernicie‘et

112 1953 207 2032 grata
230 1953 293 2032 est,
319 1951 424 2016 isdem
451 1951 518 2014 illis
547 1951 752 2033 serpentibus
786 1952 842 2034 qui
870 1951 994 2035 alioqui
1022 1951 1129 2016 solent

73 2052 101 2093 ¹⁰
116 2036 228 2102 obvios
253 2037 406 2121 adpetere
423 2038 613 2120 adspectum
632 2039 700 2103 eius
717 2039 871 2122 pulveris,
895 2038 1023 2103 aliudve
1043 2038 1129 2122 quod

113 2125 217 2208 virus,
239 2126 351 2208 procul
375 2129 503 2191 etcum
526 2147 646 2209 pavore
669 2125 880 2211 fugientibus.

515 2338 729 2360 m———wq-m-s·

158 2512 392 2588 POMPONII
421 2512 588 2588 MELAE
615 2513 680 2587 DE
710 2512 1086 2589 OHOROGRAPHIA

531 2685 630 2752 Liber
652 2686 711 2754 III.

203 2829 300 2896 Dicta
328 2832 379 2894 est
406 2850 464 2894 ora
484 2828 602 2895 Nostri
625 2830 738 2912 maris,
766 2829 872 2894 dictes
900 2831 1025 2895 insulae
1048 2851 1129 2931 quse
1159 2808 1177 2934 ἒ

75 2933 103 2976 ²⁶
118 2919 332 3001 amplectitur.
377 2921 481 2983 restet
501 2917 558 2982 ille
581 2919 734 2983 nunnitus
758 2940 854 3001 quem
877 2921 915 2982 ut
931 2917 1026 2982 initio
1050 2918 1130 2982 dixi·

116 3027 187 3069 mus
229 3006 332 3090 cingit
368 3026 515 3070 oceanus.
575 3007 690 3092 ingens
727 3005 954 3089 infinitumque
993 3004 1131 3090 pelagus

186 3184 213 3232 9
238 3177 340 3232 cereris
363 3179 392 3232 A
415 3178 522 3234 Caralis
546 3179 701 3234 Pincianae
776 3183 801 3232 ὁ.
824 3176 985 3248 hisperiism
1005 3177 1035 3231 A
1106 3182 1131 3231 9.

116 3265 196 3304 samo
210 3249 239 3303 A
252 3249 348 3303 Iamno
362 3249 509 3306 Barbam
560 3248 701 3321 parmaA
714 3247 843 3304 Palmae
902 3253 944 3304 15.
959 3247 1133 3301 columbaria

115 3321 145 3376 A
164 3318 327 3375 Colubraria
339 3337 360 3374 c
432 3327 474 3376 19.
493 3337 557 3375 rare
569 3321 597 3375 A
614 3322 697 3390 grate
711 3319 824 3375 Ourtim
842 3318 1018 3374 Woelunnet
1089 3325 1131 3374 20

115 3390 186 3460 adep
188 3392 282 3473 ectum
294 3390 336 3444 A¹
350 3392 546 3460 aspectumA²
590 3397 634 3446 99.
643 3397 687 3447 91.
702 3389 816 3444 aliudve
832 3391 974 3457 qotverus
984 3386 1132 3443 Aeliudre

116 3461 193 3529 quod
211 3460 287 3518 vinis
305 3462 434 3518 Boreion
505 3469 548 3517 25.
567 3463 599 3515 ut
615 3467 680 3516 cete
697 3459 779 3514 initio
799 3477 852 3516 occ.
872 3459 902 3512 A
