2512 3824
378 194 561 252 ofloaooa.
580 195 608 249 Π
626 202 652 250 4.
671 202 688 252 c
706 197 834 267 (ec-ro)
1066 196 1111 262 45

95 359 231 441 tiorum,
254 357 384 423 Vienna
405 356 635 444 Allobrogum,
657 358 808 424 Avennio
832 356 1007 443 Cauarum,
1031 357 1109 424 Ara

95 447 295 512 comicorum
321 445 517 530 Nemausus,
545 445 666 513 Tolosa
693 447 924 531 Tectosagum,
952 445 1111 513 Secunda·

95 557 212 601 norum
242 534 396 613 Arausio,
429 532 645 601 Sextanorum
671 534 818 621 Arelate,
847 533 1110 619 Septimanorum

95 623 260 688 Beterrae.
301 623 359 690 aed
381 627 525 690 antestat
548 625 653 690 omnis
678 624 899 690 Atacinorum
921 623 1111 691 Decimano·

68 731 232 797 urumque
259 713 402 797 calonia,
432 713 516 777 unde
543 713 624 778 olim
651 713 829 778 historiis
856 713 1014 778 auxilium
1040 713 1112 797 fuit,

95 822 181 866 nunc
205 804 238 866 et
259 822 380 866 nomen
403 805 436 866 et
458 802 556 866 decus
579 805 631 866 est
652 800 792 866 Martius
815 799 938 868 Narbo.
981 802 1017 866 in
1038 801 1112 866 lito·
1132 817 1165 867 aa

95 889 187 955 ribus
202 889 329 974 aliquot
343 893 420 954 sunt
433 912 506 955 cum
524 890 645 974 aliquis
658 891 847 956 nominibus
866 891 952 956 locat
971 893 1113 955 ceterum

95 999 189 1042 rarae
216 979 314 1043 urbes
338 979 416 1063 quia
441 979 509 1045 rari
536 982 665 1063 portus,
694 983 727 1044 et
750 980 855 1045 omnis
877 979 978 1065 plaga
1003 982 1113 1044 austro

97 1070 195 1151 atque
214 1067 316 1132 africo
335 1068 484 1151 exposita
502 1071 561 1133 cst
606 1067 730 1133 Nicaea
746 1069 856 1152 tangit
873 1068 984 1151 Alpes,
1005 1067 1115 1151 tangit

56 1173 84 1214 ro
97 1155 254 1239 oppidum
267 1154 449 1241 Deciatum,
466 1157 576 1241 tangit
588 1155 763 1240 Antipolis
795 1157 911 1222 deinde
928 1159 980 1221 ast
992 1155 1113 1220 Forum
1133 1170 1166 1220 π

95 1243 173 1326 Iuli,
197 1243 438 1310 Octauenorum
461 1245 602 1328 colonia,
629 1248 700 1309 tum
723 1249 799 1330 post
821 1244 1056 1329 Athenopolim
1080 1249 1114 1308 et

97 1331 228 1398 Olbiam
251 1336 285 1398 et
306 1332 449 1398 Tauroin
473 1337 506 1398 et
528 1331 730 1399 Citharisten
753 1338 804 1400 est
826 1333 981 1419 Lacydon
998 1332 1115 1399 Masei·

97 1420 249 1485 liensium
263 1424 387 1504 portus,
406 1425 440 1486 et
452 1423 487 1486 in
501 1443 540 1487 eo
554 1422 627 1506 ipsa
640 1421 797 1488 Massilia.
828 1423 908 1488 haec
923 1445 944 1487 a
956 1422 1114 1487 Phocaeis

98 1509 236 1574 oriunda
259 1515 293 1574 et
315 1510 397 1577 olim
419 1511 506 1574 inter
527 1532 660 1594 asperas
683 1511 801 1595 posita,
822 1532 907 1575 nunc
929 1513 967 1574 ut
988 1510 1114 1594 pacatis

97 1686 193 1752 facile
216 1691 250 1752 et
273 1689 351 1752 tunc
373 1686 484 1753 sedem
506 1687 647 1752 alienam
666 1688 789 1771 ceperit
811 1690 844 1752 et
867 1687 972 1752 adhuc
990 1707 1116 1752 morem

97 1797 192 1840 auum
210 1780 330 1841 teneat
366 1776 452 1842 inter
470 1797 545 1841 eum
564 1779 597 1841 et
610 1775 807 1842 Rhodanum
820 1775 988 1842 Maritima
1003 1774 1116 1841 Avati·
1136 1789 1169 1839 τε

97 1885 211 1929 corum
224 1869 343 1950 stagno
358 1865 492 1948 adsidet,
505 1864 608 1931 Fossa
621 1863 770 1931 Mariana
783 1869 912 1949 partem
926 1866 995 1930 eius
1010 1866 1115 1930 amnis

98 1953 279 2037 navigabili
297 1953 389 2018 alveo
410 1952 553 2017 effundit.
586 1953 711 2036 alioqui
728 1954 806 2017 litus
824 1954 973 2037 ignobile
990 1957 1051 2036 est,
1069 1954 1116 2017 la·

59 2038 232 2123 aopideum
256 2042 295 2104 ut
316 2045 450 2124 vocant,
471 2041 507 2104 in
529 2061 593 2124 quo
616 2039 793 2105 Herculem
815 2045 931 2107 contra
952 2041 1117 2106 Alebiona

99 2131 132 2192 et
165 2126 338 2212 Dercynon
369 2127 515 2213 Neptuni
548 2128 671 2194 liberos
704 2128 914 2194 dimicantem
946 2150 1020 2195 cum
1050 2130 1116 2194 tela

99 2215 294 2282 defecissent
321 2217 362 2282 ab
386 2217 536 2282 invocato
565 2216 642 2283 Iove
670 2217 817 2283 adiutum
844 2218 948 2284 imbre
970 2218 1117 2303 lapidum

97 2304 215 2371 ferunt.
264 2305 377 2371 credas
408 2307 567 2392 pluvisse,
599 2305 680 2372 adeo
711 2307 808 2372 multi
840 2309 964 2392 passim
991 2311 1024 2372 et
1051 2307 1116 2372 late

97 2395 214 2460 iacent.
254 2394 433 2460 Rhodanus
456 2416 522 2460 non
544 2395 642 2480 longe
666 2396 708 2459 ab
725 2395 833 2460 Histri
851 2396 1023 2479 Rhenique
1045 2394 1117 2459 lon·
1136 2411 1169 2460 79

58 2499 85 2542 aa
98 2483 188 2546 tibus
218 2483 336 2567 surgit:
362 2483 439 2548 dein
465 2482 631 2547 Lemanno
659 2484 733 2548 lacu
760 2487 912 2567 acceptus
939 2485 1031 2547 tenet
1057 2483 1116 2547 im-

98 2573 220 2655 petum,
243 2592 341 2654 seque
359 2592 418 2654 per
436 2571 579 2635 medium
597 2572 726 2655 integer
744 2593 845 2658 agana
863 2575 1004 2657 quantus
1027 2573 1117 2638 venit

99 2659 283 2744 egreditur,
322 2663 357 2724 et
390 2659 467 2724 inde
502 2662 616 2725 contra
652 2659 852 2727 occidentem
888 2661 1018 2726 ablatae
1061 2661 1118 2726 ali·

100 2747 242 2832 quandiu
265 2746 392 2814 Gallias
420 2747 557 2833 dirimit,
583 2752 660 2833 poet
687 2771 784 2817 cursu
806 2751 841 2815 in
868 2750 1037 2818 meridiem
1061 2751 1116 2815 ab·

100 2836 196 2902 ducto
227 2836 290 2902 hac
321 2838 440 2922 intrat,
476 2859 670 2922 accessuque
702 2839 842 2911 aliorum
874 2839 1019 2906 amnium
1050 2838 1116 2903 iam

101 2984 105 2992 '
172 2982 197 3028 3.
222 2978 399 3030 sectariorum
422 2975 451 3029 A
474 2975 658 3031 Sextanorum
680 2993 700 3031 cc
780 2983 806 3032 4.
826 2975 887 3031 onis
910 2975 952 3029 A¹
972 2974 1053 3030 onnia
1076 2974 1118 3030 A²

101 3043 192 3099 omnis
214 3045 342 3102 Bursian
414 3053 455 3100 11.
480 3047 697 3170 comagenonrm
715 3047 743 3101 A
762 3048 830 3115 (fuit
846 3045 867 3116 i)
941 3053 984 3103 12.
1005 3040 1118 3102 laurion

100 3115 129 3170 A
143 3115 266 3170 Tauroin
280 3117 410 3188 Kappe‘aw
455 3118 485 3170 et
498 3117 561 3186 lacy
583 3133 620 3171 on
633 3117 661 3172 A
675 3119 720 3172 est
733 3117 894 3186 Lacydonu
949 3124 992 3176 ¹8.
1005 3117 1119 3172 adsidet

99 3187 141 3241 A¹
160 3185 267 3240 assidet
280 3187 321 3240 A·
376 3194 418 3243 19.
437 3187 606 3258 navigabilia
624 3188 652 3242 A
702 3188 830 3257 alioquin
843 3189 885 3243 A¹
903 3188 1010 3259 alioqui
1023 3189 1063 3244 A’

101 3264 142 3315 19.
163 3264 206 3315 20.
224 3258 354 3328 lapideus
373 3259 402 3311 A
473 3265 516 3316 20.
535 3265 579 3314 21.
598 3258 713 3314 albione
737 3261 766 3314 et
787 3259 914 3330 bergyon
932 3260 960 3314 A
979 3259 1118 3315 Alebiona

101 3330 131 3382 et
143 3328 293 3397 Dercynon
307 3329 433 3385 Bursian
487 3337 529 3386 23.
544 3330 723 3402 pluvisseaic
736 3333 763 3386 A
818 3338 862 3386 24.
875 3330 978 3385 histria
991 3331 1118 3386 archani-

102 3402 198 3468 qneA
265 3400 495 3456 talemanneA
563 3401 952 3459 ancontrainncontraa
1015 3408 1059 3458 21.
1074 3407 1120 3458 28.

101 3469 264 3540 aliquandiu
281 3472 323 3527 A²
341 3488 410 3529 corr.
