2512 3824
325 191 508 248 ofloaoun.
527 190 540 246 Ι
560 197 593 248 re
613 194 824 264 (uo-ur)11
844 200 858 249 1
878 196 919 266 (1)
1083 193 1125 258 22

110 360 240 439 rentur,
277 356 367 420 solus
400 357 510 420 aestus
543 354 747 440 hiememque
778 357 869 421 iuxta
899 355 1008 422 ferens
1041 355 1128 422 idem

112 465 240 528 semper
259 447 292 507 et
310 443 360 508 sui
380 443 496 509 similis
515 443 735 529 incitataeque
753 443 912 510 deonrrat.
947 445 1035 528 ripas
1059 445 1191 510 eiusne

111 531 326 599 Sauromatae
358 535 391 597 et
422 531 502 616 ripis
534 531 704 597 haerentia
736 531 919 616 possident,
949 555 1016 599 una
1048 554 1128 618 gens

111 623 237 704 aliquot
262 620 376 704 populi
404 624 437 686 et
469 619 596 704 aliquot
628 621 770 686 nomina.
819 620 918 704 primi
945 619 1129 687 Maeotidae

86 707 477 793 oGynaeooeratumenoe
508 729 611 794 regna
641 710 859 793 Amazonum,
890 708 1044 775 feeundos
1075 732 1130 794 pa·

110 798 190 863 bulo
214 797 333 862 atalia
355 797 484 862 steriles
503 797 671 882 nudosque
695 818 827 883 campos
844 800 966 864 tenent.
1011 796 1130 862 Budini

111 884 272 951 Gelonion
290 885 404 950 urbem
424 886 569 970 ligneam
586 885 748 952 habitant.
793 887 887 952 iuxta
904 885 1132 971 Thyssagetae

110 973 297 1058 Turoaeque
318 977 429 1039 vastas
452 974 551 1039 silvas
575 979 735 1059 oooupant
758 975 954 1059 alunturque
972 974 1129 1041 venando.

109 1066 181 1127 tum
204 1061 367 1128 continuis
385 1063 520 1147 rupibus
543 1062 610 1127 late
630 1085 747 1147 aspera
764 1066 798 1128 et
821 1064 950 1128 deserta
972 1063 1064 1149 regio
1088 1063 1129 1128 ad
1140 1076 1191 1126 112

72 1169 100 1209 ro
112 1150 337 1236 Aremphaeos
360 1172 461 1236 usque
484 1151 696 1235 permittitur.
740 1152 791 1217 his
815 1151 988 1217 iustissimi
1011 1171 1129 1235 mores,

109 1261 245 1304 nemora
271 1261 330 1324 pro
359 1239 524 1323 domibus,
552 1239 709 1305 alimenta
735 1241 849 1325 basae,
878 1244 912 1305 et
936 1240 1068 1306 feminis
1097 1244 1130 1305 et

110 1328 257 1393 maribus
275 1327 362 1392 nuda
377 1331 453 1392 sunt
472 1327 589 1411 eapite.
619 1329 704 1394 sacri
722 1328 834 1414 itaque
852 1328 1022 1414 habentur,
1037 1327 1130 1394 adeo·

112 1438 174 1501 que
196 1416 286 1500 ipsos
309 1437 405 1480 nemo
429 1416 468 1480 de
491 1419 561 1481 tam
583 1417 662 1483 feris
686 1418 839 1502 gentibus
862 1418 976 1501 violat,
997 1421 1035 1482 ut
1054 1417 1129 1482 aliis

112 1525 241 1589 quoque
264 1503 305 1568 ad
328 1524 384 1568 eos
408 1504 592 1588 confugisse
615 1527 675 1589 pro
699 1505 790 1588 asylo
815 1506 868 1569 sit.
912 1505 1001 1569 ultra
1024 1505 1131 1590 surgit

68 1609 208 1664 remens
231 1591 397 1676 Riphaeus
423 1593 575 1677 ultraque
603 1615 676 1658 eum
703 1594 789 1658 iacet
811 1613 870 1657 ora
897 1613 979 1678 quae
1003 1596 1130 1677 spectat
1246 1638 1249 1645 ·

112 1702 278 1747 oceanum.

101 1912 105 1917 .
154 1922 387 2005 POMPONII
416 1932 583 2005 MELAE
601 1933 675 2021 DE
704 1931 1080 2007 OHOROGRAPHIA

539 2087 638 2154 Liber
660 2087 701 2154 IL

201 2211 302 2277 Asiae
337 2212 372 2276 in
407 2210 566 2277 Nostrum
606 2233 696 2277 mare
732 2211 922 2296 Tanainque
963 2211 1129 2298 vergentis
1158 2183 1177 2311 ἒ

73 2319 100 2360 ro
114 2321 211 2384 quem
238 2301 306 2365 dixi
333 2300 406 2365 finis
435 2322 473 2366 ae
499 2301 582 2366 situs
607 2305 669 2384 est,
698 2320 734 2365 ae
757 2321 815 2384 per
840 2299 976 2365 eundem
1000 2322 1130 2365 amnem

112 2389 148 2453 in
178 2387 343 2454 Maeotida
373 2389 594 2454 remeantibus
632 2389 672 2453 ad
705 2388 872 2454 dexteram
902 2388 1037 2472 Europa
1070 2392 1130 2471 est,

112 2476 210 2542 modo
241 2478 375 2542 sinistro
407 2477 509 2541 latere
545 2477 807 2561 innavigantinm
839 2476 999 2560 adposita
1054 2475 1131 2541 inde

112 2564 271 2648 Riphaeis
299 2564 466 2629 montibus
494 2585 664 2648 proxuma,
692 2567 725 2629 et
750 2563 814 2629 huo
842 2565 928 2629 enim
955 2564 1131 2650 pertinent,

113 2653 265 2718 uadentes
294 2651 426 2718 adsidue
453 2653 545 2718 nives
573 2652 652 2717 adeo
680 2652 771 2718 invia
798 2652 957 2738 efficiunt,
983 2656 1021 2719 ut
1042 2654 1131 2718 ultra

73 2761 100 2802 so
113 2763 154 2806 ne
171 2743 284 2823 pisum
308 2741 438 2826 quidem
460 2741 698 2808 intendentium
717 2741 902 2808 admittant.
946 2741 1061 2808 deinde
1080 2745 1131 2807 est

111 2831 203 2914 regio
232 2831 309 2895 ditis
343 2829 517 2896 admodum
545 2831 621 2914 soli,
644 2829 872 2896 inhabitabilis
900 2835 1023 2916 temen,
1054 2831 1131 2914 quia

113 2920 209 3004 grypi
232 2941 364 2984 saevum
387 2923 420 2984 et
442 2919 594 3004 pertinax
615 2918 758 2985 ferarum
776 2941 879 3005 genus
903 2941 1019 2984 aurum
1040 2922 1131 2984 terra

111 3006 243 3090 penitus
271 3012 420 3091 egestum
447 3009 529 3074 mire
558 3013 669 3074 amant
695 3007 840 3092 mireque
868 3007 1069 3090 custodiunt,
1097 3010 1131 3072 et

184 3187 208 3236 2.
229 3179 383 3234 subsimilis
402 3181 430 3235 A
449 3180 493 3235 sui
511 3180 612 3234 similis
632 3197 652 3235 a
725 3187 749 3235 4.
770 3180 887 3249 aliquod
900 3181 942 3234 Al
960 3180 1069 3248 aliquot
1087 3178 1130 3233 A'

110 3254 179 3324 (bie)
253 3257 277 3306 t.
303 3251 617 3323 Gynlseeoeratumenoe
641 3252 669 3306 A
746 3259 771 3307 6.
791 3253 822 3306 at
843 3251 901 3305 alia
922 3253 962 3307 eie
985 3251 1013 3304 A
1086 3257 1128 3306 14.

111 3339 237 3392 quosque
256 3322 297 3376 A¹
316 3338 427 3391 quoque
445 3323 486 3376 A²
557 3329 601 3379 21.
621 3339 743 3392 europae
758 3322 786 3376 A
804 3323 917 3392 Europa
935 3322 1013 3376 esto
1085 3327 1129 3378 22.

112 3393 245 3464 adposita
258 3393 299 3447 A¹
313 3392 446 3464 apposita
459 3393 500 3447 A²
536 3400 579 3448 22.
595 3399 638 3448 28.
654 3393 685 3446 in
698 3393 856 3463 aeriphaeie
872 3393 902 3446 A
913 3391 982 3444 inde
992 3390 1144 3454 Bemmaris

110 3467 211 3535 eoripei
282 3481 418 3534 proxuma
435 3467 476 3522 eie
495 3465 523 3520 A
595 3470 642 3521 Ἃ.
661 3462 789 3520 adsidue
809 3463 849 3517 A*
866 3460 993 3514 auditne
1014 3455 1053 3506 A*
