<?xml version="1.0" encoding="UTF-8"?>
<!DOCTYPE html PUBLIC "-//W3C//DTD XHTML 1.0 Transitional//EN"
    "http://www.w3.org/TR/xhtml1/DTD/xhtml1-transitional.dtd">
<html xmlns="http://www.w3.org/1999/xhtml" xml:lang="en" lang="en">
 <head>
  <title>
</title>
<meta http-equiv="Content-Type" content="text/html;charset=utf-8" />
  <meta name='ocr-system' content='tesseract 3.04.00' />
  <meta name='ocr-capabilities' content='ocr_page ocr_carea ocr_par ocr_line ocrx_word'/>
</head>
<body>
  <div class='ocr_page' id='page_1' title='image "./pomponiimelaede08melagoog_0052.png"; bbox 0 0 2512 3824; ppageno 0'>
   <div class='ocr_carea' id='block_1_1' title="bbox 404 188 1139 262">
    <p class='ocr_par' dir='ltr' id='par_1_1' title="bbox 404 188 1139 262">
     <span class='ocr_line' id='line_1_1' title="bbox 404 188 1139 262; baseline 0.018 -18"><span class='ocrx_word' id='word_1_1' title='bbox 404 188 674 248; x_wconf 75' lang='grc'>3303033113.</span> <span class='ocrx_word' id='word_1_2' title='bbox 694 197 710 246; x_wconf 84' lang='grc'>3</span> <span class='ocrx_word' id='word_1_3' title='bbox 730 192 857 262; x_wconf 82' lang='lat' dir='ltr'>(ac-34)</span> <span class='ocrx_word' id='word_1_4' title='bbox 1096 191 1139 256; x_wconf 83' lang='lat'>35</span> 
     </span>
    </p>
   </div>
   <div class='ocr_carea' id='block_1_2' title="bbox 75 351 1191 2648">
    <p class='ocr_par' dir='ltr' id='par_1_2' title="bbox 120 351 1191 704">
     <span class='ocr_line' id='line_1_2' title="bbox 122 351 1137 439; baseline 0.002 -20"><span class='ocrx_word' id='word_1_5' title='bbox 122 353 252 439; x_wconf 86' lang='lat' dir='ltr'>signum</span> <span class='ocrx_word' id='word_1_6' title='bbox 269 351 400 418; x_wconf 86' lang='lat' dir='ltr'>fabulae</span> <span class='ocrx_word' id='word_1_7' title='bbox 418 358 574 438; x_wconf 88' lang='lat' dir='ltr'>remanet,</span> <span class='ocrx_word' id='word_1_8' title='bbox 598 357 631 417; x_wconf 91' lang='lat' dir='ltr'>et</span> <span class='ocrx_word' id='word_1_9' title='bbox 653 353 731 418; x_wconf 91' lang='lat' dir='ltr'>urbs</span> <span class='ocrx_word' id='word_1_10' title='bbox 755 374 853 437; x_wconf 89' lang='lat' dir='ltr'>quam</span> <span class='ocrx_word' id='word_1_11' title='bbox 873 374 966 418; x_wconf 90' lang='lat' dir='ltr'>soror</span> <span class='ocrx_word' id='word_1_12' title='bbox 989 353 1059 420; x_wconf 89' lang='lat' dir='ltr'>eius</span> <span class='ocrx_word' id='word_1_13' title='bbox 1078 374 1137 421; x_wconf 90' lang='lat' dir='ltr'>suo</span> 
     </span>
     <span class='ocr_line' id='line_1_3' title="bbox 120 440 1138 526; baseline 0.001 -20"><span class='ocrx_word' id='word_1_14' title='bbox 120 441 254 508; x_wconf 91' lang='lat' dir='ltr'>nomine</span> <span class='ocrx_word' id='word_1_15' title='bbox 275 440 459 507; x_wconf 85' lang='lat' dir='ltr'>nominavit</span> <span class='ocrx_word' id='word_1_16' title='bbox 477 441 619 526; x_wconf 71' lang='lat' dir='ltr'>Abdere,</span> <span class='ocrx_word' id='word_1_17' title='bbox 643 441 699 506; x_wconf 90' lang='lat' dir='ltr'>sed</span> <span class='ocrx_word' id='word_1_18' title='bbox 718 463 757 507; x_wconf 92' lang='grc'>33</span> <span class='ocrx_word' id='word_1_19' title='bbox 775 441 881 526; x_wconf 89' lang='lat' dir='ltr'>magis</span> <span class='ocrx_word' id='word_1_20' title='bbox 904 441 938 506; x_wconf 94' lang='lat' dir='ltr'>id</span> <span class='ocrx_word' id='word_1_21' title='bbox 957 457 1138 508; x_wconf 86' lang='lat' dir='ltr'>memoran-</span> 
     </span>
     <span class='ocr_line' id='line_1_4' title="bbox 120 528 1137 616; baseline 0 -20"><span class='ocrx_word' id='word_1_22' title='bbox 120 531 197 596; x_wconf 90' lang='lat' dir='ltr'>dum</span> <span class='ocrx_word' id='word_1_23' title='bbox 223 529 338 614; x_wconf 89' lang='lat' dir='ltr'>habet,</span> <span class='ocrx_word' id='word_1_24' title='bbox 365 529 452 614; x_wconf 93' lang='lat' dir='ltr'>quod</span> <span class='ocrx_word' id='word_1_25' title='bbox 473 528 699 597; x_wconf 76' lang='lat' dir='ltr'>Democritum</span> <span class='ocrx_word' id='word_1_26' title='bbox 724 529 898 615; x_wconf 90' lang='lat' dir='ltr'>physicum</span> <span class='ocrx_word' id='word_1_27' title='bbox 919 531 1011 616; x_wconf 91' lang='lat' dir='ltr'>tulit,</span> <span class='ocrx_word' id='word_1_28' title='bbox 1039 553 1137 616; x_wconf 91' lang='lat' dir='ltr'>quam</span> 
     </span>
     <span class='ocr_line' id='line_1_5' title="bbox 120 617 1191 704; baseline 0.004 -21"><span class='ocrx_word' id='word_1_29' title='bbox 120 619 207 702; x_wconf 93' lang='lat' dir='ltr'>quod</span> <span class='ocrx_word' id='word_1_30' title='bbox 225 619 273 683; x_wconf 92' lang='lat' dir='ltr'>ita</span> <span class='ocrx_word' id='word_1_31' title='bbox 292 618 422 684; x_wconf 89' lang='lat' dir='ltr'>condita</span> <span class='ocrx_word' id='word_1_32' title='bbox 441 623 499 684; x_wconf 89' lang='grc'>333.</span> <span class='ocrx_word' id='word_1_33' title='bbox 544 619 632 686; x_wconf 90' lang='lat' dir='ltr'>ultra</span> <span class='ocrx_word' id='word_1_34' title='bbox 651 617 770 685; x_wconf 86' lang='lat' dir='ltr'>Nestos</span> <span class='ocrx_word' id='word_1_35' title='bbox 791 619 872 702; x_wconf 88' lang='lat' dir='ltr'>fluit,</span> <span class='ocrx_word' id='word_1_36' title='bbox 895 619 1044 704; x_wconf 89' lang='lat' dir='ltr'>interque</span> <span class='ocrx_word' id='word_1_37' title='bbox 1063 641 1136 686; x_wconf 89' lang='lat' dir='ltr'>eum</span> <span class='ocrx_word' id='word_1_38' title='bbox 1155 635 1191 686; x_wconf 90' lang='grc' dir='ltr'>3ο</span> 
     </span>
    </p>

    <p class='ocr_par' dir='ltr' id='par_1_3' title="bbox 93 705 1137 1148">
     <span class='ocr_line' id='line_1_6' title="bbox 93 705 1137 792; baseline 0.006 -26"><span class='ocrx_word' id='word_1_39' title='bbox 93 711 154 772; x_wconf 83' lang='grc'>333</span> <span class='ocrx_word' id='word_1_40' title='bbox 178 705 353 792; x_wconf 73' lang='lat' dir='ltr'>Strymona</span> <span class='ocrx_word' id='word_1_41' title='bbox 379 707 476 772; x_wconf 87' lang='lat' dir='ltr'>urbes</span> <span class='ocrx_word' id='word_1_42' title='bbox 500 711 577 774; x_wconf 87' lang='lat' dir='ltr'>sunt</span> <span class='ocrx_word' id='word_1_43' title='bbox 597 707 757 792; x_wconf 91' lang='lat' dir='ltr'>Philippi,</span> <span class='ocrx_word' id='word_1_44' title='bbox 783 707 974 792; x_wconf 91' lang='lat' dir='ltr'>Apollonia,</span> <span class='ocrx_word' id='word_1_45' title='bbox 999 707 1137 792; x_wconf 90' lang='lat' dir='ltr'>Amphi-</span> 
     </span>
     <span class='ocr_line' id='line_1_7' title="bbox 119 793 1137 880; baseline 0.001 -20"><span class='ocrx_word' id='word_1_46' title='bbox 119 796 217 880; x_wconf 73' lang='lat' dir='ltr'>polis,</span> <span class='ocrx_word' id='word_1_47' title='bbox 246 796 332 861; x_wconf 91' lang='lat' dir='ltr'>inter</span> <span class='ocrx_word' id='word_1_48' title='bbox 357 793 531 880; x_wconf 78' lang='lat' dir='ltr'>Strymona</span> <span class='ocrx_word' id='word_1_49' title='bbox 559 800 592 862; x_wconf 91' lang='grc'>33</span> <span class='ocrx_word' id='word_1_50' title='bbox 614 795 727 861; x_wconf 85' lang='lat' dir='ltr'>Athon</span> <span class='ocrx_word' id='word_1_51' title='bbox 754 795 867 861; x_wconf 82' lang='lat' dir='ltr'>Turris</span> <span class='ocrx_word' id='word_1_52' title='bbox 895 795 1075 863; x_wconf 83' lang='lat' dir='ltr'>Oalamaca</span> <span class='ocrx_word' id='word_1_53' title='bbox 1103 801 1137 862; x_wconf 89' lang='grc'>33</span> 
     </span>
     <span class='ocr_line' id='line_1_8' title="bbox 118 881 1137 971; baseline 0 -21"><span class='ocrx_word' id='word_1_54' title='bbox 118 887 234 969; x_wconf 89' lang='lat' dir='ltr'>portus</span> <span class='ocrx_word' id='word_1_55' title='bbox 257 881 366 969; x_wconf 79' lang='lat' dir='ltr'>Capru</span> <span class='ocrx_word' id='word_1_56' title='bbox 387 884 501 971; x_wconf 91' lang='lat' dir='ltr'>limen,</span> <span class='ocrx_word' id='word_1_57' title='bbox 522 885 601 950; x_wconf 87' lang='lat' dir='ltr'>urbs</span> <span class='ocrx_word' id='word_1_58' title='bbox 624 884 793 951; x_wconf 81' lang='lat' dir='ltr'>Acanthos</span> <span class='ocrx_word' id='word_1_59' title='bbox 817 889 850 950; x_wconf 89' lang='grc'>33</span> <span class='ocrx_word' id='word_1_60' title='bbox 872 884 1027 970; x_wconf 78' lang='lat' dir='ltr'>Echinia3</span> <span class='ocrx_word' id='word_1_61' title='bbox 1051 884 1137 950; x_wconf 88' lang='lat' dir='ltr'>inter</span> 
     </span>
     <span class='ocr_line' id='line_1_9' title="bbox 118 971 1136 1059; baseline 0.002 -22"><span class='ocrx_word' id='word_1_62' title='bbox 118 971 232 1038; x_wconf 83' lang='lat' dir='ltr'>Athon</span> <span class='ocrx_word' id='word_1_63' title='bbox 268 976 301 1038; x_wconf 91' lang='lat' dir='ltr'>et</span> <span class='ocrx_word' id='word_1_64' title='bbox 331 971 488 1038; x_wconf 78' lang='lat' dir='ltr'>Pallenen</span> <span class='ocrx_word' id='word_1_65' title='bbox 520 971 643 1040; x_wconf 81' lang='lat' dir='ltr'>Clenna</span> <span class='ocrx_word' id='word_1_66' title='bbox 678 977 712 1038; x_wconf 88' lang='lat' dir='ltr'>et</span> <span class='ocrx_word' id='word_1_67' title='bbox 743 971 915 1057; x_wconf 86' lang='lat' dir='ltr'>Olynthos.</span> <span class='ocrx_word' id='word_1_68' title='bbox 971 971 1136 1059; x_wconf 83' lang='lat' dir='ltr'>Strymon,</span> 
     </span>
     <span class='ocr_line' id='line_1_10' title="bbox 119 1061 1135 1148; baseline 0.002 -22"><span class='ocrx_word' id='word_1_69' title='bbox 119 1064 206 1126; x_wconf 90' lang='lat' dir='ltr'>sicut</span> <span class='ocrx_word' id='word_1_70' title='bbox 228 1061 382 1145; x_wconf 86' lang='lat' dir='ltr'>diximus,</span> <span class='ocrx_word' id='word_1_71' title='bbox 414 1062 521 1128; x_wconf 89' lang='lat' dir='ltr'>amnis</span> <span class='ocrx_word' id='word_1_72' title='bbox 553 1065 604 1128; x_wconf 87' lang='lat' dir='ltr'>est</span> <span class='ocrx_word' id='word_1_73' title='bbox 636 1062 798 1148; x_wconf 90' lang='lat' dir='ltr'>longeque</span> <span class='ocrx_word' id='word_1_74' title='bbox 827 1067 919 1128; x_wconf 90' lang='lat' dir='ltr'>ortus</span> <span class='ocrx_word' id='word_1_75' title='bbox 951 1066 985 1128; x_wconf 88' lang='lat' dir='ltr'>et</span> <span class='ocrx_word' id='word_1_76' title='bbox 1018 1063 1135 1128; x_wconf 88' lang='lat' dir='ltr'>tenuis.</span> 
     </span>
    </p>

    <p class='ocr_par' dir='ltr' id='par_1_4' title="bbox 80 1150 1187 1589">
     <span class='ocr_line' id='line_1_11' title="bbox 80 1150 1137 1236; baseline 0.002 -22"><span class='ocrx_word' id='word_1_77' title='bbox 80 1167 106 1208; x_wconf 86' lang='lat'>1⁰</span> <span class='ocrx_word' id='word_1_78' title='bbox 122 1150 237 1216; x_wconf 88' lang='lat' dir='ltr'>alienis</span> <span class='ocrx_word' id='word_1_79' title='bbox 261 1150 398 1216; x_wconf 83' lang='lat' dir='ltr'>subinde</span> <span class='ocrx_word' id='word_1_80' title='bbox 422 1151 514 1235; x_wconf 90' lang='lat' dir='ltr'>aquis</span> <span class='ocrx_word' id='word_1_81' title='bbox 537 1151 576 1216; x_wconf 93' lang='lat' dir='ltr'>fit</span> <span class='ocrx_word' id='word_1_82' title='bbox 599 1152 748 1235; x_wconf 91' lang='lat' dir='ltr'>amplior,</span> <span class='ocrx_word' id='word_1_83' title='bbox 771 1154 804 1216; x_wconf 89' lang='grc'>33</span> <span class='ocrx_word' id='word_1_84' title='bbox 825 1151 884 1216; x_wconf 91' lang='lat' dir='ltr'>ubi</span> <span class='ocrx_word' id='word_1_85' title='bbox 906 1171 973 1216; x_wconf 88' lang='lat' dir='ltr'>non</span> <span class='ocrx_word' id='word_1_86' title='bbox 995 1151 1092 1236; x_wconf 90' lang='lat' dir='ltr'>longe</span> <span class='ocrx_word' id='word_1_87' title='bbox 1117 1172 1137 1216; x_wconf 90' lang='lat' dir='ltr'>a</span> 
     </span>
     <span class='ocr_line' id='line_1_12' title="bbox 118 1239 1135 1324; baseline 0.003 -20"><span class='ocrx_word' id='word_1_88' title='bbox 118 1239 202 1304; x_wconf 89' lang='lat' dir='ltr'>mari</span> <span class='ocrx_word' id='word_1_89' title='bbox 225 1239 333 1305; x_wconf 89' lang='lat' dir='ltr'>lacum</span> <span class='ocrx_word' id='word_1_90' title='bbox 352 1239 439 1322; x_wconf 86' lang='lat' dir='ltr'>fecit,</span> <span class='ocrx_word' id='word_1_91' title='bbox 462 1239 584 1305; x_wconf 90' lang='lat' dir='ltr'>maiore</span> <span class='ocrx_word' id='word_1_92' title='bbox 604 1260 703 1324; x_wconf 91' lang='lat' dir='ltr'>quam</span> <span class='ocrx_word' id='word_1_93' title='bbox 721 1243 854 1304; x_wconf 86' lang='lat' dir='ltr'>venerat</span> <span class='ocrx_word' id='word_1_94' title='bbox 872 1240 965 1306; x_wconf 86' lang='lat' dir='ltr'>alveo</span> <span class='ocrx_word' id='word_1_95' title='bbox 984 1239 1135 1324; x_wconf 87' lang='lat' dir='ltr'>erumpit.</span> 
     </span>
     <span class='ocr_line' id='line_1_13' title="bbox 118 1326 1187 1412; baseline 0 -20"><span class='ocrx_word' id='word_1_96' title='bbox 118 1326 208 1393; x_wconf 90' lang='lat' dir='ltr'>Atho</span> <span class='ocrx_word' id='word_1_97' title='bbox 231 1349 327 1393; x_wconf 90' lang='lat' dir='ltr'>mons</span> <span class='ocrx_word' id='word_1_98' title='bbox 351 1327 431 1392; x_wconf 88' lang='lat' dir='ltr'>adeo</span> <span class='ocrx_word' id='word_1_99' title='bbox 459 1328 545 1392; x_wconf 88' lang='lat' dir='ltr'>altus</span> <span class='ocrx_word' id='word_1_100' title='bbox 575 1332 638 1412; x_wconf 90' lang='lat' dir='ltr'>est,</span> <span class='ocrx_word' id='word_1_101' title='bbox 667 1332 704 1393; x_wconf 93' lang='lat' dir='ltr'>ut</span> <span class='ocrx_word' id='word_1_102' title='bbox 730 1329 879 1394; x_wconf 89' lang='lat' dir='ltr'>credatur</span> <span class='ocrx_word' id='word_1_103' title='bbox 907 1329 1005 1394; x_wconf 87' lang='lat' dir='ltr'>altius</span> <span class='ocrx_word' id='word_1_104' title='bbox 1035 1329 1135 1394; x_wconf 90' lang='lat' dir='ltr'>etiam</span> <span class='ocrx_word' id='word_1_105' title='bbox 1153 1343 1187 1394; x_wconf 89' lang='grc'>31</span> 
     </span>
     <span class='ocr_line' id='line_1_14' title="bbox 119 1415 1136 1502; baseline 0.001 -22"><span class='ocrx_word' id='word_1_106' title='bbox 119 1437 216 1498; x_wconf 90' lang='lat' dir='ltr'>quam</span> <span class='ocrx_word' id='word_1_107' title='bbox 235 1416 320 1480; x_wconf 90' lang='lat' dir='ltr'>unde</span> <span class='ocrx_word' id='word_1_108' title='bbox 338 1415 460 1481; x_wconf 87' lang='lat' dir='ltr'>imbres</span> <span class='ocrx_word' id='word_1_109' title='bbox 480 1416 598 1482; x_wconf 87' lang='lat' dir='ltr'>cadunt</span> <span class='ocrx_word' id='word_1_110' title='bbox 615 1437 757 1502; x_wconf 84' lang='lat' dir='ltr'>surgere.</span> <span class='ocrx_word' id='word_1_111' title='bbox 794 1417 883 1502; x_wconf 86' lang='lat' dir='ltr'>capit</span> <span class='ocrx_word' id='word_1_112' title='bbox 901 1416 1011 1501; x_wconf 92' lang='lat' dir='ltr'>opinio</span> <span class='ocrx_word' id='word_1_113' title='bbox 1030 1416 1136 1501; x_wconf 89' lang='lat' dir='ltr'>fidem,</span> 
     </span>
     <span class='ocr_line' id='line_1_15' title="bbox 119 1503 1136 1589; baseline 0 -21"><span class='ocrx_word' id='word_1_114' title='bbox 119 1503 253 1587; x_wconf 88' lang='lat' dir='ltr'>quiade</span> <span class='ocrx_word' id='word_1_115' title='bbox 272 1505 338 1569; x_wconf 91' lang='lat' dir='ltr'>aris</span> <span class='ocrx_word' id='word_1_116' title='bbox 358 1526 439 1589; x_wconf 89' lang='lat' dir='ltr'>quas</span> <span class='ocrx_word' id='word_1_117' title='bbox 458 1505 494 1569; x_wconf 90' lang='lat' dir='ltr'>in</span> <span class='ocrx_word' id='word_1_118' title='bbox 507 1505 628 1571; x_wconf 85' lang='lat' dir='ltr'>vertice</span> <span class='ocrx_word' id='word_1_119' title='bbox 648 1505 788 1570; x_wconf 89' lang='lat' dir='ltr'>sustinet</span> <span class='ocrx_word' id='word_1_120' title='bbox 800 1526 868 1569; x_wconf 90' lang='lat' dir='ltr'>non</span> <span class='ocrx_word' id='word_1_121' title='bbox 887 1504 1032 1569; x_wconf 79' lang='lat' dir='ltr'>abluitur</span> <span class='ocrx_word' id='word_1_122' title='bbox 1047 1504 1136 1589; x_wconf 89' lang='lat' dir='ltr'>cinis,</span> 
     </span>
    </p>

    <p class='ocr_par' dir='ltr' id='par_1_5' title="bbox 79 1591 1171 1766">
     <span class='ocr_line' id='line_1_16' title="bbox 79 1591 1171 1678; baseline 0.005 -27"><span class='ocrx_word' id='word_1_123' title='bbox 79 1609 105 1651; x_wconf 85' lang='lat'>15</span> <span class='ocrx_word' id='word_1_124' title='bbox 121 1591 177 1658; x_wconf 89' lang='lat' dir='ltr'>sed</span> <span class='ocrx_word' id='word_1_125' title='bbox 201 1614 265 1676; x_wconf 90' lang='lat' dir='ltr'>quo</span> <span class='ocrx_word' id='word_1_126' title='bbox 287 1593 484 1677; x_wconf 90' lang='lat' dir='ltr'>relinquitur</span> <span class='ocrx_word' id='word_1_127' title='bbox 505 1613 625 1678; x_wconf 85' lang='lat' dir='ltr'>aggere</span> <span class='ocrx_word' id='word_1_128' title='bbox 643 1597 763 1659; x_wconf 87' lang='lat' dir='ltr'>manet.</span> <span class='ocrx_word' id='word_1_129' title='bbox 809 1596 952 1658; x_wconf 89' lang='lat' dir='ltr'>ceterum</span> <span class='ocrx_word' id='word_1_130' title='bbox 974 1613 1042 1658; x_wconf 90' lang='lat' dir='ltr'>non</span> <span class='ocrx_word' id='word_1_131' title='bbox 1064 1614 1136 1676; x_wconf 91' lang='lat' dir='ltr'>pro·</span> <span class='ocrx_word' id='word_1_132' title='bbox 1169 1594 1171 1600; x_wconf 87' lang='grc'><strong>’</strong></span> 
     </span>
     <span class='ocr_line' id='line_1_17' title="bbox 118 1679 1135 1766; baseline 0 -21"><span class='ocrx_word' id='word_1_133' title='bbox 118 1682 285 1748; x_wconf 86' lang='lat' dir='ltr'>munturio</span> <span class='ocrx_word' id='word_1_134' title='bbox 308 1685 346 1746; x_wconf 92' lang='lat' dir='ltr'>ut</span> <span class='ocrx_word' id='word_1_135' title='bbox 364 1682 432 1766; x_wconf 90' lang='lat' dir='ltr'>alii,</span> <span class='ocrx_word' id='word_1_136' title='bbox 454 1703 567 1748; x_wconf 86' lang='lat' dir='ltr'>verum</span> <span class='ocrx_word' id='word_1_137' title='bbox 589 1685 680 1748; x_wconf 87' lang='lat' dir='ltr'>totus</span> <span class='ocrx_word' id='word_1_138' title='bbox 704 1685 738 1748; x_wconf 92' lang='lat' dir='ltr'>et</span> <span class='ocrx_word' id='word_1_139' title='bbox 759 1685 831 1747; x_wconf 92' lang='lat' dir='ltr'>toto</span> <span class='ocrx_word' id='word_1_140' title='bbox 854 1681 1020 1765; x_wconf 87' lang='lat' dir='ltr'>longoque</span> <span class='ocrx_word' id='word_1_141' title='bbox 1039 1679 1135 1746; x_wconf 89' lang='lat' dir='ltr'>dorso</span> 
     </span>
    </p>

    <p class='ocr_par' dir='ltr' id='par_1_6' title="bbox 75 1767 1188 2030">
     <span class='ocr_line' id='line_1_18' title="bbox 75 1767 1188 1857; baseline 0.003 -24"><span class='ocrx_word' id='word_1_142' title='bbox 75 1775 77 1780; x_wconf 82' lang='grc'>’</span> <span class='ocrx_word' id='word_1_143' title='bbox 118 1769 267 1852; x_wconf 81' lang='lat' dir='ltr'>procedit</span> <span class='ocrx_word' id='word_1_144' title='bbox 288 1771 324 1835; x_wconf 90' lang='lat' dir='ltr'>in</span> <span class='ocrx_word' id='word_1_145' title='bbox 347 1770 493 1856; x_wconf 86' lang='lat' dir='ltr'>pelagus.</span> <span class='ocrx_word' id='word_1_146' title='bbox 538 1793 603 1857; x_wconf 88' lang='lat' dir='ltr'>qua</span> <span class='ocrx_word' id='word_1_147' title='bbox 621 1771 802 1837; x_wconf 90' lang='lat' dir='ltr'>continenti</span> <span class='ocrx_word' id='word_1_148' title='bbox 820 1770 975 1836; x_wconf 82' lang='lat' dir='ltr'>adhaeret</span> <span class='ocrx_word' id='word_1_149' title='bbox 993 1792 1013 1835; x_wconf 92' lang='lat' dir='ltr'>a</span> <span class='ocrx_word' id='word_1_150' title='bbox 1030 1767 1136 1835; x_wconf 87' lang='lat' dir='ltr'>Xerxe</span> <span class='ocrx_word' id='word_1_151' title='bbox 1153 1785 1188 1836; x_wconf 77' lang='lat'>32</span> 
     </span>
     <span class='ocr_line' id='line_1_19' title="bbox 116 1857 1136 1944; baseline 0.002 -22"><span class='ocrx_word' id='word_1_152' title='bbox 116 1859 152 1922; x_wconf 92' lang='lat' dir='ltr'>in</span> <span class='ocrx_word' id='word_1_153' title='bbox 181 1857 300 1924; x_wconf 80' lang='lat' dir='ltr'>Graios</span> <span class='ocrx_word' id='word_1_154' title='bbox 332 1858 486 1925; x_wconf 87' lang='lat' dir='ltr'>tendente</span> <span class='ocrx_word' id='word_1_155' title='bbox 517 1860 684 1943; x_wconf 88' lang='lat' dir='ltr'>perfossus</span> <span class='ocrx_word' id='word_1_156' title='bbox 715 1860 1045 1944; x_wconf 77' lang='lat' dir='ltr'>transnavigatusque</span> <span class='ocrx_word' id='word_1_157' title='bbox 1077 1862 1136 1924; x_wconf 87' lang='grc'>333</span> 
     </span>
     <span class='ocr_line' id='line_1_20' title="bbox 116 1946 1136 2030; baseline 0.001 -21"><span class='ocrx_word' id='word_1_158' title='bbox 116 1946 184 2010; x_wconf 84' lang='grc'>11113</span> <span class='ocrx_word' id='word_1_159' title='bbox 219 1947 289 2010; x_wconf 90' lang='lat' dir='ltr'>eius</span> <span class='ocrx_word' id='word_1_160' title='bbox 325 1948 439 2011; x_wconf 88' lang='lat' dir='ltr'>tenent</span> <span class='ocrx_word' id='word_1_161' title='bbox 474 1968 595 2029; x_wconf 81' lang='lat' dir='ltr'>parvae</span> <span class='ocrx_word' id='word_1_162' title='bbox 630 1947 845 2030; x_wconf 83' lang='lat' dir='ltr'>Pelasgorum</span> <span class='ocrx_word' id='word_1_163' title='bbox 885 1947 1041 2012; x_wconf 87' lang='lat' dir='ltr'>coloniae.</span> <span class='ocrx_word' id='word_1_164' title='bbox 1100 1947 1136 2010; x_wconf 91' lang='lat' dir='ltr'>in</span> 
     </span>
    </p>

    <p class='ocr_par' dir='ltr' id='par_1_7' title="bbox 75 2032 1187 2472">
     <span class='ocr_line' id='line_1_21' title="bbox 75 2032 1136 2118; baseline 0.006 -26"><span class='ocrx_word' id='word_1_165' title='bbox 75 2051 103 2092; x_wconf 86' lang='lat' dir='ltr'>ao</span> <span class='ocrx_word' id='word_1_166' title='bbox 117 2054 244 2098; x_wconf 87' lang='lat' dir='ltr'>summo</span> <span class='ocrx_word' id='word_1_167' title='bbox 275 2032 339 2096; x_wconf 79' lang='lat' dir='ltr'>fuit</span> <span class='ocrx_word' id='word_1_168' title='bbox 370 2032 527 2116; x_wconf 91' lang='lat' dir='ltr'>oppidum</span> <span class='ocrx_word' id='word_1_169' title='bbox 553 2033 757 2117; x_wconf 86' lang='lat' dir='ltr'>Acrothoon,</span> <span class='ocrx_word' id='word_1_170' title='bbox 788 2035 823 2098; x_wconf 90' lang='lat' dir='ltr'>in</span> <span class='ocrx_word' id='word_1_171' title='bbox 850 2055 928 2118; x_wconf 90' lang='lat' dir='ltr'>quc,</span> <span class='ocrx_word' id='word_1_172' title='bbox 955 2037 993 2098; x_wconf 89' lang='lat' dir='ltr'>ut</span> <span class='ocrx_word' id='word_1_173' title='bbox 1019 2033 1136 2118; x_wconf 87' lang='lat' dir='ltr'>ferunt,</span> 
     </span>
     <span class='ocr_line' id='line_1_22' title="bbox 117 2120 1135 2206; baseline 0.001 -21"><span class='ocrx_word' id='word_1_174' title='bbox 117 2120 251 2187; x_wconf 89' lang='lat' dir='ltr'>dimidio</span> <span class='ocrx_word' id='word_1_175' title='bbox 270 2121 400 2206; x_wconf 82' lang='lat' dir='ltr'>longior</span> <span class='ocrx_word' id='word_1_176' title='bbox 422 2143 521 2206; x_wconf 88' lang='lat' dir='ltr'>quam</span> <span class='ocrx_word' id='word_1_177' title='bbox 538 2122 574 2187; x_wconf 90' lang='lat' dir='ltr'>in</span> <span class='ocrx_word' id='word_1_178' title='bbox 596 2122 671 2188; x_wconf 82' lang='lat' dir='ltr'>aliia</span> <span class='ocrx_word' id='word_1_179' title='bbox 690 2122 785 2203; x_wconf 79' lang='lat' dir='ltr'>terris</span> <span class='ocrx_word' id='word_1_180' title='bbox 805 2125 895 2187; x_wconf 89' lang='lat' dir='ltr'>aetas</span> <span class='ocrx_word' id='word_1_181' title='bbox 913 2120 1135 2187; x_wconf 86' lang='lat' dir='ltr'>habitantium</span> 
     </span>
     <span class='ocr_line' id='line_1_23' title="bbox 116 2209 1187 2296; baseline 0.003 -21"><span class='ocrx_word' id='word_1_182' title='bbox 116 2213 194 2276; x_wconf 86' lang='lat' dir='ltr'>erat.</span> <span class='ocrx_word' id='word_1_183' title='bbox 243 2209 377 2275; x_wconf 88' lang='lat' dir='ltr'>Pallene</span> <span class='ocrx_word' id='word_1_184' title='bbox 405 2210 468 2276; x_wconf 88' lang='lat' dir='ltr'>soli</span> <span class='ocrx_word' id='word_1_185' title='bbox 494 2213 563 2277; x_wconf 92' lang='lat' dir='ltr'>tam</span> <span class='ocrx_word' id='word_1_186' title='bbox 590 2213 746 2296; x_wconf 88' lang='lat' dir='ltr'>patentis,</span> <span class='ocrx_word' id='word_1_187' title='bbox 773 2215 811 2277; x_wconf 93' lang='lat' dir='ltr'>ut</span> <span class='ocrx_word' id='word_1_188' title='bbox 838 2211 979 2296; x_wconf 89' lang='lat' dir='ltr'>quinque</span> <span class='ocrx_word' id='word_1_189' title='bbox 1005 2211 1134 2276; x_wconf 87' lang='lat' dir='ltr'>urbium</span> <span class='ocrx_word' id='word_1_190' title='bbox 1153 2227 1187 2278; x_wconf 90' lang='grc'>33</span> 
     </span>
     <span class='ocr_line' id='line_1_24' title="bbox 116 2298 1134 2385; baseline 0.002 -21"><span class='ocrx_word' id='word_1_191' title='bbox 116 2298 207 2364; x_wconf 89' lang='lat' dir='ltr'>sedes</span> <span class='ocrx_word' id='word_1_192' title='bbox 231 2299 275 2364; x_wconf 92' lang='lat' dir='ltr'>sit</span> <span class='ocrx_word' id='word_1_193' title='bbox 292 2303 390 2384; x_wconf 90' lang='lat' dir='ltr'>atque</span> <span class='ocrx_word' id='word_1_194' title='bbox 413 2319 500 2384; x_wconf 87' lang='lat' dir='ltr'>ager,</span> <span class='ocrx_word' id='word_1_195' title='bbox 521 2304 595 2366; x_wconf 91' lang='lat' dir='ltr'>tota</span> <span class='ocrx_word' id='word_1_196' title='bbox 612 2300 647 2367; x_wconf 91' lang='lat' dir='ltr'>in</span> <span class='ocrx_word' id='word_1_197' title='bbox 669 2301 773 2366; x_wconf 89' lang='lat' dir='ltr'>altum</span> <span class='ocrx_word' id='word_1_198' title='bbox 791 2300 872 2384; x_wconf 92' lang='lat' dir='ltr'>abit,</span> <span class='ocrx_word' id='word_1_199' title='bbox 894 2304 1035 2385; x_wconf 87' lang='lat' dir='ltr'>angusta</span> <span class='ocrx_word' id='word_1_200' title='bbox 1053 2301 1134 2366; x_wconf 89' lang='lat' dir='ltr'>satis</span> 
     </span>
     <span class='ocr_line' id='line_1_25' title="bbox 115 2387 1135 2472; baseline 0.001 -20"><span class='ocrx_word' id='word_1_201' title='bbox 115 2387 199 2452; x_wconf 88' lang='lat' dir='ltr'>unde</span> <span class='ocrx_word' id='word_1_202' title='bbox 227 2387 351 2472; x_wconf 90' lang='lat' dir='ltr'>incipit.</span> <span class='ocrx_word' id='word_1_203' title='bbox 401 2388 449 2453; x_wconf 92' lang='lat' dir='ltr'>ibi</span> <span class='ocrx_word' id='word_1_204' title='bbox 476 2392 527 2454; x_wconf 89' lang='lat' dir='ltr'>est</span> <span class='ocrx_word' id='word_1_205' title='bbox 553 2388 722 2472; x_wconf 84' lang='lat' dir='ltr'>Potidaea,</span> <span class='ocrx_word' id='word_1_206' title='bbox 755 2392 791 2453; x_wconf 97' lang='grc'>33</span> <span class='ocrx_word' id='word_1_207' title='bbox 822 2387 879 2452; x_wconf 92' lang='lat' dir='ltr'>ubi</span> <span class='ocrx_word' id='word_1_208' title='bbox 906 2387 1011 2454; x_wconf 81' lang='lat' dir='ltr'>laxius</span> <span class='ocrx_word' id='word_1_209' title='bbox 1042 2391 1135 2471; x_wconf 91' lang='lat' dir='ltr'>patet</span> 
     </span>
    </p>

    <p class='ocr_par' dir='ltr' id='par_1_8' title="bbox 75 2473 1133 2648">
     <span class='ocr_line' id='line_1_26' title="bbox 75 2473 1133 2560; baseline 0.003 -22"><span class='ocrx_word' id='word_1_210' title='bbox 75 2492 102 2533; x_wconf 74' lang='lat' dir='ltr'>an</span> <span class='ocrx_word' id='word_1_211' title='bbox 115 2473 232 2540; x_wconf 86' lang='lat' dir='ltr'>Mende</span> <span class='ocrx_word' id='word_1_212' title='bbox 251 2473 430 2560; x_wconf 85' lang='lat' dir='ltr'>Scioneque</span> <span class='ocrx_word' id='word_1_213' title='bbox 450 2475 650 2554; x_wconf 85' lang='lat' dir='ltr'>referendae,</span> <span class='ocrx_word' id='word_1_214' title='bbox 671 2477 732 2540; x_wconf 92' lang='lat' dir='ltr'>illa</span> <span class='ocrx_word' id='word_1_215' title='bbox 755 2475 797 2540; x_wconf 88' lang='lat' dir='ltr'>ab</span> <span class='ocrx_word' id='word_1_216' title='bbox 816 2474 965 2560; x_wconf 79' lang='lat' dir='ltr'>Eretriis,</span> <span class='ocrx_word' id='word_1_217' title='bbox 987 2475 1068 2541; x_wconf 91' lang='lat' dir='ltr'>baec</span> <span class='ocrx_word' id='word_1_218' title='bbox 1091 2475 1133 2541; x_wconf 90' lang='lat' dir='ltr'>ab</span> 
     </span>
     <span class='ocr_line' id='line_1_27' title="bbox 115 2563 840 2648; baseline 0.006 -22"><span class='ocrx_word' id='word_1_219' title='bbox 115 2563 251 2627; x_wconf 88' lang='lat' dir='ltr'>Achivis</span> <span class='ocrx_word' id='word_1_220' title='bbox 275 2567 371 2647; x_wconf 90' lang='lat' dir='ltr'>capto</span> <span class='ocrx_word' id='word_1_221' title='bbox 393 2563 456 2628; x_wconf 92' lang='lat' dir='ltr'>Ilio</span> <span class='ocrx_word' id='word_1_222' title='bbox 480 2564 699 2630; x_wconf 85' lang='lat' dir='ltr'>remeantibus</span> <span class='ocrx_word' id='word_1_223' title='bbox 721 2564 840 2648; x_wconf 91' lang='lat' dir='ltr'>posita.</span> 
     </span>
    </p>
   </div>
   <div class='ocr_carea' id='block_1_3' title="bbox 205 2631 1186 2760">
    <p class='ocr_par' dir='ltr' id='par_1_9' title="bbox 205 2631 1186 2760">
     <span class='ocr_line' id='line_1_28' title="bbox 205 2631 1186 2760; baseline 0.01 -47"><span class='ocrx_word' id='word_1_224' title='bbox 205 2650 288 2716; x_wconf 80' lang='lat' dir='ltr'>Tum</span> <span class='ocrx_word' id='word_1_225' title='bbox 310 2651 525 2718; x_wconf 88' lang='lat' dir='ltr'>Macedonum</span> <span class='ocrx_word' id='word_1_226' title='bbox 552 2652 667 2738; x_wconf 92' lang='lat' dir='ltr'>populi</span> <span class='ocrx_word' id='word_1_227' title='bbox 694 2653 820 2737; x_wconf 87' lang='lat' dir='ltr'>aliquot</span> <span class='ocrx_word' id='word_1_228' title='bbox 846 2653 943 2718; x_wconf 88' lang='lat' dir='ltr'>urbes</span> <span class='ocrx_word' id='word_1_229' title='bbox 971 2652 1132 2740; x_wconf 89' lang='lat' dir='ltr'>habitant,</span> <span class='ocrx_word' id='word_1_230' title='bbox 1150 2631 1186 2760; x_wconf 48' lang='grc' dir='ltr'>ᾗ</span> 
     </span>
    </p>
   </div>
   <div class='ocr_carea' id='block_1_4' title="bbox 113 2896 1133 3533">
    <p class='ocr_par' dir='ltr' id='par_1_10' title="bbox 113 2896 1133 3533">
     <span class='ocr_line' id='line_1_29' title="bbox 187 2896 1131 2968; baseline 0.001 -17"><span class='ocrx_word' id='word_1_231' title='bbox 187 2903 211 2952; x_wconf 76' lang='grc' dir='ltr'>ὃ.</span> <span class='ocrx_word' id='word_1_232' title='bbox 238 2897 382 2968; x_wconf 75' lang='lat' dir='ltr'>philippis</span> <span class='ocrx_word' id='word_1_233' title='bbox 407 2898 436 2951; x_wconf 97' lang='lat' dir='ltr'>A</span> <span class='ocrx_word' id='word_1_234' title='bbox 462 2896 591 2968; x_wconf 81' lang='lat' dir='ltr'>Philippi</span> <span class='ocrx_word' id='word_1_235' title='bbox 618 2914 638 2952; x_wconf 76' lang='lat' dir='ltr'>cc</span> <span class='ocrx_word' id='word_1_236' title='bbox 716 2903 740 2952; x_wconf 82' lang='grc'>6.</span> <span class='ocrx_word' id='word_1_237' title='bbox 770 2897 895 2951; x_wconf 86' lang='lat' dir='ltr'>calamea</span> <span class='ocrx_word' id='word_1_238' title='bbox 921 2898 950 2952; x_wconf 88' lang='lat' dir='ltr'>A</span> <span class='ocrx_word' id='word_1_239' title='bbox 979 2897 1131 2952; x_wconf 84' lang='lat' dir='ltr'>Calarnaea</span> 
     </span>
     <span class='ocr_line' id='line_1_30' title="bbox 115 2965 1131 3038; baseline 0.004 -18"><span class='ocrx_word' id='word_1_240' title='bbox 115 2965 261 3022; x_wconf 80' lang='lat' dir='ltr'>Barbarae</span> <span class='ocrx_word' id='word_1_241' title='bbox 332 2975 357 3026; x_wconf 81' lang='lat'>8.</span> <span class='ocrx_word' id='word_1_242' title='bbox 372 2968 498 3023; x_wconf 82' lang='lat' dir='ltr'>olmthos</span> <span class='ocrx_word' id='word_1_243' title='bbox 512 2968 541 3022; x_wconf 84' lang='lat' dir='ltr'>A</span> <span class='ocrx_word' id='word_1_244' title='bbox 595 2967 784 3037; x_wconf 87' lang='lat' dir='ltr'>sthrymonA</span> <span class='ocrx_word' id='word_1_245' title='bbox 857 2973 898 3022; x_wconf 81' lang='lat'>16.</span> <span class='ocrx_word' id='word_1_246' title='bbox 919 2969 978 3038; x_wconf 76' lang='lat' dir='ltr'>e(a&#39;.</span> <span class='ocrx_word' id='word_1_247' title='bbox 994 2985 1014 3023; x_wconf 85' lang='lat' dir='ltr'>e.</span> <span class='ocrx_word' id='word_1_248' title='bbox 1030 2969 1084 3038; x_wconf 89' lang='lat' dir='ltr'>est)</span> <span class='ocrx_word' id='word_1_249' title='bbox 1102 2967 1131 3024; x_wconf 98' lang='lat' dir='ltr'>A</span> 
     </span>
     <span class='ocr_line' id='line_1_31' title="bbox 115 3035 1131 3119; baseline 0.004 -30"><span class='ocrx_word' id='word_1_250' title='bbox 115 3039 145 3090; x_wconf 86' lang='lat' dir='ltr'>et</span> <span class='ocrx_word' id='word_1_251' title='bbox 165 3035 314 3094; x_wconf 75' lang='lat' dir='ltr'>Tarchonte</span> <span class='ocrx_word' id='word_1_252' title='bbox 367 3039 507 3109; x_wconf 84' lang='lat' dir='ltr'>longeque</span> <span class='ocrx_word' id='word_1_253' title='bbox 521 3039 549 3094; x_wconf 88' lang='lat' dir='ltr'>A</span> <span class='ocrx_word' id='word_1_254' title='bbox 568 3037 709 3106; x_wconf 88' lang='lat' dir='ltr'>longoque</span> <span class='ocrx_word' id='word_1_255' title='bbox 727 3054 747 3094; x_wconf 79' lang='lat' dir='ltr'>ur</span> <span class='ocrx_word' id='word_1_256' title='bbox 772 3107 778 3119; x_wconf 37' lang='lat'>,</span> <span class='ocrx_word' id='word_1_257' title='bbox 820 3044 862 3094; x_wconf 84' lang='grc'>17.</span> <span class='ocrx_word' id='word_1_258' title='bbox 880 3053 977 3092; x_wconf 87' lang='lat' dir='ltr'>xerase</span> <span class='ocrx_word' id='word_1_259' title='bbox 992 3039 1033 3092; x_wconf 89' lang='lat' dir='ltr'>A¹</span> <span class='ocrx_word' id='word_1_260' title='bbox 1050 3055 1131 3093; x_wconf 82' lang='lat' dir='ltr'>xerse</span> 
     </span>
     <span class='ocr_line' id='line_1_32' title="bbox 114 3106 1130 3179; baseline 0.001 -16"><span class='ocrx_word' id='word_1_261' title='bbox 114 3106 155 3163; x_wconf 78' lang='lat' dir='ltr'>A’</span> <span class='ocrx_word' id='word_1_262' title='bbox 231 3113 272 3163; x_wconf 86' lang='lat'>18.</span> <span class='ocrx_word' id='word_1_263' title='bbox 292 3111 321 3163; x_wconf 87' lang='lat' dir='ltr'>et</span> <span class='ocrx_word' id='word_1_264' title='bbox 343 3109 371 3162; x_wconf 88' lang='lat' dir='ltr'>A</span> <span class='ocrx_word' id='word_1_265' title='bbox 393 3111 477 3165; x_wconf 85' lang='lat' dir='ltr'>eata</span> <span class='ocrx_word' id='word_1_266' title='bbox 548 3115 614 3179; x_wconf 78' lang='lat' dir='ltr'>poet</span> <span class='ocrx_word' id='word_1_267' title='bbox 635 3108 920 3178; x_wconf 83' lang='lat' dir='ltr'>transnavrgatusque</span> <span class='ocrx_word' id='word_1_268' title='bbox 948 3113 992 3164; x_wconf 88' lang='lat' dir='ltr'>est</span> <span class='ocrx_word' id='word_1_269' title='bbox 1014 3111 1078 3166; x_wconf 82' lang='lat' dir='ltr'>cdd.</span> <span class='ocrx_word' id='word_1_270' title='bbox 1101 3111 1130 3164; x_wconf 89' lang='lat' dir='ltr'>A</span> 
     </span>
     <span class='ocr_line' id='line_1_33' title="bbox 114 3176 1128 3250; baseline 0.002 -18"><span class='ocrx_word' id='word_1_271' title='bbox 114 3179 197 3234; x_wconf 86' lang='lat' dir='ltr'>athus</span> <span class='ocrx_word' id='word_1_272' title='bbox 220 3176 294 3235; x_wconf 85' lang='lat' dir='ltr'>freto</span> <span class='ocrx_word' id='word_1_273' title='bbox 316 3179 472 3250; x_wconf 80' lang='lat' dir='ltr'>navigabili</span> <span class='ocrx_word' id='word_1_274' title='bbox 494 3179 608 3250; x_wconf 84' lang='lat' dir='ltr'>pervius</span> <span class='ocrx_word' id='word_1_275' title='bbox 630 3179 732 3234; x_wconf 77' lang='lat' dir='ltr'>removi</span> <span class='ocrx_word' id='word_1_276' title='bbox 754 3179 923 3235; x_wconf 76' lang='grc'>3333333113</span> <span class='ocrx_word' id='word_1_277' title='bbox 995 3186 1037 3234; x_wconf 81' lang='lat'>20.</span> <span class='ocrx_word' id='word_1_278' title='bbox 1062 3194 1128 3234; x_wconf 85' lang='lat' dir='ltr'>acro</span> 
     </span>
     <span class='ocr_line' id='line_1_34' title="bbox 113 3249 1130 3354; baseline 0.002 -51"><span class='ocrx_word' id='word_1_279' title='bbox 113 3250 230 3354; x_wconf 72' lang='lat' dir='ltr'>&lt;qhon&gt;</span> <span class='ocrx_word' id='word_1_280' title='bbox 247 3249 276 3304; x_wconf 92' lang='lat' dir='ltr'>A</span> <span class='ocrx_word' id='word_1_281' title='bbox 295 3250 410 3319; x_wconf 79' lang='lat' dir='ltr'>(litterae</span> <span class='ocrx_word' id='word_1_282' title='bbox 427 3252 459 3332; x_wconf 75' lang='lat' dir='ltr'>iu</span> <span class='ocrx_word' id='word_1_283' title='bbox 475 3266 531 3306; x_wconf 81' lang='lat' dir='ltr'>rae.</span> <span class='ocrx_word' id='word_1_284' title='bbox 550 3250 602 3319; x_wconf 65' lang='lat' dir='ltr'>Ass)</span> <span class='ocrx_word' id='word_1_285' title='bbox 620 3249 793 3331; x_wconf 80' lang='lat' dir='ltr'>Acrothoon·</span> <span class='ocrx_word' id='word_1_286' title='bbox 801 3250 928 3332; x_wconf 68' lang='lat' dir='ltr'>Bursian</span> <span class='ocrx_word' id='word_1_287' title='bbox 957 3257 1024 3352; x_wconf 78' lang='lat' dir='ltr'>l23.</span> <span class='ocrx_word' id='word_1_288' title='bbox 1044 3252 1130 3318; x_wconf 89' lang='lat' dir='ltr'>atque</span> 
     </span>
     <span class='ocr_line' id='line_1_35' title="bbox 113 3320 1133 3474; baseline -0.002 -28"><span class='ocrx_word' id='word_1_289' title='bbox 113 3322 249 3461; x_wconf 65' lang='lat' dir='ltr'>donbodde</span> <span class='ocrx_word' id='word_1_290' title='bbox 267 3393 296 3446; x_wconf 90' lang='lat' dir='ltr'>A</span> <span class='ocrx_word' id='word_1_291' title='bbox 314 3320 476 3461; x_wconf 56' lang='lat' dir='ltr'>Sdroldddldd</span> <span class='ocrx_word' id='word_1_292' title='bbox 477 3320 640 3474; x_wconf 48' lang='grc'>6131331131</span> <span class='ocrx_word' id='word_1_293' title='bbox 641 3321 745 3446; x_wconf 51' lang='lat' dir='ltr'>daedbd</span> <span class='ocrx_word' id='word_1_294' title='bbox 755 3321 907 3474; x_wconf 62' lang='lat' dir='ltr'>eretddhndds</span> <span class='ocrx_word' id='word_1_295' title='bbox 924 3322 1133 3448; x_wconf 53' lang='lat' dir='ltr'>Atldohdiuhe-</span> 
     </span>
     <span class='ocr_line' id='line_1_36' title="bbox 114 3461 872 3533; baseline 0.001 -17"><span class='ocrx_word' id='word_1_296' title='bbox 114 3462 218 3517; x_wconf 89' lang='lat' dir='ltr'>donum</span> <span class='ocrx_word' id='word_1_297' title='bbox 236 3464 265 3518; x_wconf 87' lang='lat' dir='ltr'>A</span> <span class='ocrx_word' id='word_1_298' title='bbox 337 3465 406 3533; x_wconf 87' lang='lat' dir='ltr'>quot</span> <span class='ocrx_word' id='word_1_299' title='bbox 424 3462 465 3517; x_wconf 85' lang='lat' dir='ltr'>A¹</span> <span class='ocrx_word' id='word_1_300' title='bbox 483 3479 551 3519; x_wconf 81' lang='lat' dir='ltr'>corr.</span> <span class='ocrx_word' id='word_1_301' title='bbox 571 3463 684 3533; x_wconf 86' lang='lat' dir='ltr'>ahquot</span> <span class='ocrx_word' id='word_1_302' title='bbox 701 3461 872 3520; x_wconf 74' lang='lat' dir='ltr'>Gtuccouuue</span> 
     </span>
    </p>
   </div>
   <div class='ocr_carea' id='block_1_5' title="bbox 968 3544 1005 3598">
    <p class='ocr_par' dir='ltr' id='par_1_11' title="bbox 968 3544 1005 3598">
     <span class='ocr_line' id='line_1_37' title="bbox 968 3544 1005 3598; baseline 0 -23"><span class='ocrx_word' id='word_1_303' title='bbox 968 3544 1005 3598; x_wconf 55' lang='lat' dir='ltr'>*gt-</span> 
     </span>
    </p>
   </div>
   <div class='ocr_carea' id='block_1_6' title="bbox 0 0 1260 3824">
    <p class='ocr_par' dir='ltr' id='par_1_12' title="bbox 0 0 1260 3824">
     <span class='ocr_line' id='line_1_38' title="bbox 0 0 1260 3824; baseline 0 3"><span class='ocrx_word' id='word_1_304' title='bbox 0 0 1260 3824; x_wconf 95' lang='lat' dir='ltr'> </span> 
     </span>
    </p>
   </div>
  </div>
 </body>
</html>
