2512 3824
130 197 174 263 20
476 193 798 250 remorsurum

127 365 198 426 tum
222 356 343 424 Cnidus
366 359 401 423 in
424 378 524 423 comu
546 357 812 442 paeneinsulae,
838 357 988 441 interque
1017 377 1090 422 eam
1115 361 1152 423 et

75 465 110 516 8⁶
129 447 332 514 Ceramicum
361 446 468 512 sinum
495 447 530 510 in
555 467 684 512 recessu
711 447 821 529 posite
843 444 1008 511 Euthana.
1054 443 1152 511 Hali·

128 557 280 603 camasos
309 535 507 620 Argivorum
535 535 665 600 colonia
692 538 756 618 est,
789 538 822 599 et
854 556 909 599 cur
939 535 1152 599 memoranda

128 626 181 711 sit,
198 628 326 710 praeter
346 623 537 708 conditores,
556 623 760 688 Mausoleum
778 623 880 688 efficit
898 622 986 708 regis
1005 620 1151 688 Mausoli

128 717 388 796 monumentum,
410 734 512 778 unum
535 711 574 776 de
597 712 762 777 miraculis
787 715 926 796 septem,
948 709 1148 776 Artemisiae
1177 729 1192 771 s

129 824 220 887 opus.
265 807 356 866 trans
375 799 615 867 Halicarnason
632 801 692 866 illa
711 804 799 866 sunt:
818 801 896 865 litus
916 799 1032 883 Leuca,
1049 801 1150 865 urbes

129 890 278 976 Myndos,
296 887 474 970 Carneade,
493 888 660 973 Neapolis,
684 889 773 954 sinus
792 889 898 954 Iasius
924 892 958 954 et
975 887 1151 956 Basilicus.

131 981 166 1045 in
188 979 274 1044 Iasio
299 982 349 1043 est
371 976 542 1063 Bargylos.

81 1047 120 1110 17
221 1068 302 1133 Post
316 1065 495 1132 Basilicum
508 1065 602 1132 Ionia
621 1066 747 1151 aliquot
767 1088 801 1131 se
820 1064 1014 1150 ambagibus
1029 1065 1152 1151 sinuat,

79 1124 113 1173 ⁸⁶
133 1160 167 1221 et
192 1157 335 1240 primum
363 1178 382 1220 a
409 1155 548 1221 Posideo
580 1156 807 1239 promunturio
839 1154 958 1219 flexum
990 1152 1151 1220 inchoans
1166 1173 1193 1214 ιο

135 1244 238 1327 cingit
270 1244 437 1309 oraculum
468 1242 633 1327 Apollinis
665 1244 789 1309 dictum
826 1244 906 1308 olim
936 1243 1153 1328 Branchidae,

134 1354 221 1398 nunc
238 1331 403 1417 Didymei3
423 1331 581 1419 Miletum,
604 1332 719 1398 urbem
738 1331 901 1416 quondam
918 1331 1030 1396 Ioniae
1048 1333 1152 1396 totius

135 1421 216 1487 belli
252 1421 406 1506 pacisque
443 1420 568 1485 artibus
601 1421 797 1506 prinoipem,
828 1421 970 1505 patriam
1002 1418 1152 1485 Thaletis

136 1510 297 1596 astrologi
320 1513 353 1574 et
376 1508 542 1574 Timothei
564 1510 680 1575 musici
704 1513 737 1575 et
758 1509 994 1574 Anaximandri
1016 1509 1153 1594 physici,

136 1599 339 1684 aliorumque
368 1598 487 1663 civium
515 1599 647 1664 inclutis
670 1598 812 1684 ingeniis
840 1598 957 1663 merito
985 1597 1152 1682 inclutam,
1168 1614 1194 1657 rs

132 1691 308 1772 utcumque
332 1685 459 1751 Ioniam
481 1691 612 1771 vocant3
635 1688 750 1752 urbem
773 1686 910 1772 Hippin,
934 1686 1039 1752 amnis
1062 1685 1152 1751 Mae-

133 1776 226 1839 andri
249 1775 380 1858 exitum,
403 1774 568 1840 Latinium
591 1778 746 1858 montem,
769 1775 984 1860 Endymionis
1008 1798 1028 1840 a
1049 1774 1153 1860 Luna,

81 1879 114 1928 8⁷
134 1867 171 1928 ut
198 1863 319 1946 ferunt,
347 1862 492 1928 adamati
518 1863 631 1928 fabula
658 1863 812 1929 nobilem.
859 1864 935 1929 dein
962 1885 1074 1929 rursus
1102 1864 1153 1928 in-

133 1952 217 2017 flexa
242 1951 345 2037 cingit
368 1952 483 2016 urbem
506 1951 647 2017 Prienen
674 1955 708 2017 et
731 1952 829 2018 Gaesi
852 1953 996 2018 fluminis
1021 1952 1152 2036 ostium,

133 2063 273 2125 moxque
296 2043 333 2106 ut
352 2041 474 2106 maiore
493 2041 630 2106 circuitu
652 2042 701 2106 ita
718 2042 814 2125 plura
833 2041 1058 2126 conplectitur.
1102 2040 1150 2106 ibi
1165 2060 1193 2100 ao

134 2133 184 2194 est
215 2129 411 2194 Panionium
448 2151 541 2194 saera
577 2131 687 2213 regio,
725 2134 758 2194 et
795 2131 837 2195 ob
874 2131 909 2195 id
945 2152 984 2196 eo
1018 2130 1150 2196 nomine

80 2233 113 2284 88
134 2217 298 2300 adpellata
321 2217 408 2301 quod
432 2239 503 2282 eam
532 2218 748 2283 communiter
770 2218 867 2284 Iones
897 2219 1016 2285 colunt.
1060 2217 1107 2281 ibi
1131 2239 1151 2281 a

132 2305 295 2391 fugitivis,
331 2308 369 2370 ut
400 2305 504 2389 aiunt,
542 2306 672 2371 condita
709 2305 843 2393 (nomen
879 2308 987 2374 famae
1023 2303 1151 2392 adnuit)

132 2393 290 2478 Phygela.
342 2393 390 2458 ibi
417 2394 567 2478 Ephesus
601 2398 634 2460 et
665 2393 791 2461 Dianae
823 2397 1042 2463 clarissimum
1070 2399 1152 2459 tem·

132 2483 237 2566 plum,
269 2483 355 2568 quod
382 2481 565 2549 Amazones
593 2484 675 2549 Asia
701 2485 825 2568 potitae
853 2505 1058 2552 consecrasse
1086 2488 1151 2549 tra·
1166 2500 1193 2542 ro

134 2571 266 2654 duntur3
298 2572 346 2636 ibi
374 2570 530 2657 Caystros
563 2573 681 2656 amnis3
714 2573 761 2638 ibi
790 2573 952 2658 Lebedos,
985 2572 1150 2655 Olariique

133 2657 298 2742 Apollinis
329 2659 455 2745 fanum,
487 2661 573 2745 quod
600 2660 715 2727 Manto
744 2661 887 2729 Tiresiae
919 2661 988 2726 filia
1019 2660 1149 2742 fugiens

204 2839 230 2887 2.
245 2831 407 2888 tetraticum
421 2836 448 2888 A
463 2833 636 2889 Ceramicum
649 2836 795 2892 Barbarus
845 2833 963 2890 euciana
975 2833 1003 2888 A
1017 2831 1150 2886 Euthana

133 2903 260 2959 Bursiuu
310 2911 334 2958 2.
345 2911 370 2960 3.
381 2903 585 2959 halicarnassos
595 2906 624 2959 A
633 2905 830 2962 Halicarnasos
844 2906 943 2974 scripsi
996 2911 1021 2959 6.
1031 2903 1152 2957 halicar-

134 2990 237 3028 ssonna
247 2976 273 3029 A
288 2974 491 3030 Halicarnason
504 2977 604 3046 scripsi
655 2984 678 3032 7.
693 2975 816 3046 myridos
827 2976 854 3030 A
864 2974 984 3044 Myndos
1000 2975 1153 3030 Pincianus

187 3046 312 3101 aruanda
330 3048 357 3100 A
377 3046 525 3101 Oaruanda
542 3047 669 3104 Bursian
723 3048 798 3102 iasus
817 3046 953 3102 Alasius
971 3064 992 3103 rc
1047 3054 1071 3102 8.
1091 3045 1151 3100 iaso

133 3115 161 3168 A
233 3116 361 3184 barcylos
381 3118 408 3172 A
426 3118 564 3189 Bargylos
583 3119 730 3175 Burburus
802 3125 827 3174 9.
847 3117 963 3188 aliquod
981 3119 1023 3174 A¹
1041 3117 1152 3186 aliquot

133 3186 175 3241 A*
253 3193 293 3241 11.
317 3188 475 3243 bramaciae
500 3190 528 3243 A
550 3188 725 3243 Branchidae
753 3190 899 3247 Burburus
976 3197 1017 3245 12.
1044 3186 1153 3255 didymi

133 3258 161 3310 A
184 3256 315 3327 Didymei
342 3259 452 3315 Vossius
526 3265 566 3313 16.
588 3265 629 3314 17.
654 3260 781 3316 meandri
806 3263 832 3316 A
863 3264 881 3302 ·'
906 3269 947 3317 19.
972 3261 1099 3332 prienam
1124 3258 1152 3313 A

133 3327 291 3384 Prieneus
363 3337 405 3385 21.
429 3329 583 3400 panianum
604 3329 632 3382 A
709 3337 751 3384 22.
776 3332 922 3403 adpellata
945 3333 986 3386 A²
1008 3329 1154 3402 appellata

134 3399 175 3452 A²
246 3406 289 3455 24.
309 3400 435 3470 phygela
453 3401 480 3455 A
498 3399 625 3470 Phygela
647 3400 793 3458 Burburus
865 3409 914 3460 26:
927 3401 1037 3456 libedos
1056 3402 1085 3458 A

133 3475 175 3522 27.
195 3469 312 3523 mantho
331 3473 359 3524 A
