2512 3824
138 176 181 240 26
480 175 658 231 POMPONII
676 174 801 230 Manna

136 342 229 405 vasto
252 339 336 403 mari
359 338 544 404 adsidentes
566 343 679 404 tenent
678 337 970 423 ,Melanchlaena,
993 337 1160 424 Toretioa,

138 449 193 494 sex
213 425 352 510 Colicae,
374 424 531 530 Coraxici,
553 425 804 512 Phthirophagi,
827 425 997 510 Heniochi,
1020 425 1159 512 Achaei,

77 534 127 584 ιιι
138 513 370 599 Oercetlcr
337 519 370 580 et
397 517 463 580 iam
486 517 522 580 in
544 516 683 581 confinio
706 514 881 580 Maeotidis
903 512 1159 581 Sindones.in

136 603 380 671 Heniochorum
403 605 523 670 finibus
545 603 733 670 Dioscorias
758 625 777 668 a
800 600 935 668 Castore
964 607 997 669 et
1019 602 1158 670 Polluce

137 693 279 759 Pontum
302 716 375 760 cum
393 692 543 759 Iasone
532 693 700 778 angressis,
723 691 868 758 Sindos
859 713 893 756 ιιι
911 689 1091 757 Sindonum
1110 693 1183 758 ab⁵

76 782 217 866 rraipsis
244 786 407 848 terrarum
438 781 617 847 cultoribus
649 780 860 847 conditat
809 784 868 846 est.
918 780 1051 865 obliqua
1077 785 1159 847 tunc

137 871 228 956 regio
252 871 343 936 et1n
364 871 468 935 latum
491 870 616 935 modice
639 872 755 954 patens
784 869 870 934 inter
891 867 1034 934 Pontum
1058 868 1159 934 Palu·

127 959 275 1062 demque
298 959 339 1023 ad
362 957 569 1061 Bosphorum
592 959 747 1042 excurrit3
776 979 874 1043 quam
898 956 1023 1023 duobus
1051 957 1157 1060 alveis

99 1048 172 1112 -in
199 1049 368 1114 laeumet
334 1047 429 1113 etin
456 1068 545 1112 mare
571 1046 735 1132 profluens
763 1043 950 1112 Coracanda
977 1067 1146 1130 paenam

138 1137 246 1200 sulam
272 1135 386 1201 reddit.
435 1139 591 1221 quattuor
617 1135 715 1200 urbes
742 1134 790 1200 ibi
822 1138 897 1199 sunt
882 1133 1147 1200 tHermonassa
1147 1151 1222 1228 μῦ.

76 1222 258 1308 1130epoe,
281 1223 572 1309 Phanagorea,et
539 1224 630 1288 ein
652 1224 724 1308 ipso
749 1245 804 1288 ore
828 1221 1048 1289 Cimmerium.
1093 1222 1158 1288 hac

137 1312 303 1396 ingressos
336 1313 427 1377 lacus
460 1312 580 1396 accipit
611 1312 708 1399 longe
741 1313 871 1396 lateque
903 1311 1053 1396 diffusus,
1092 1333 1159 1396 qua

137 1404 242 1466 terras
273 1401 384 1485 tangit
415 1402 548 1467 incurvo
582 1401 801 1465 circumdatus
833 1400 944 1484 litore,
977 1423 1041 1485 qua
1072 1401 1159 1466 mari

136 1489 271 1576 propior
290 1493 349 1575 est,
371 1490 436 1555 nisi
454 1490 512 1554 ubi
530 1489 686 1574 aperitur,
708 1489 803 1574 quasi
821 1489 968 1573 margine
987 1488 1158 1568 obductus,

76 1578 221 1647 irreitra
243 1578 504 1664 magnitudinem
530 1600 632 1663 prope
655 1577 762 1644 Ponto
786 1577 911 1642 similis.
956 1598 1048 1642 oram
1072 1599 1156 1661 quae
1171 1591 1198 1636 ra

138 1690 158 1732 a
179 1667 352 1750 Bosphoro
376 1667 418 1732 ad
441 1667 568 1732 Tanain
594 1688 697 1751 usque
723 1666 907 1731 deflectitur
928 1664 1082 1731 Maeotici
1109 1665 1158 1730 in·

138 1755 262 1838 colunt,
293 1755 431 1838 Thatae,
464 1753 603 1838 Siraohi,
636 1754 790 1819 Phicores
822 1757 856 1818 et
892 1754 976 1819 ostio
1012 1754 1158 1818 fluminis

137 1843 279 1927 proximi
305 1841 482 1908 Ixamatae.
532 1843 618 1927 apud
650 1864 705 1908 eos
738 1842 868 1907 easdem
900 1845 987 1906 artes
1016 1842 1159 1908 feminae

138 1953 219 2015 quas
251 1931 314 1996 riri
346 1935 509 2016 exercent,
541 1932 621 1998 adeo
653 1934 690 1996 ut
720 1952 761 1996 ne
794 1931 913 1995 militia
944 1929 1076 2015 quidem
1103 1953 1159 1996 ra·

138 2024 220 2086 cent
265 2020 328 2084 viri
345 2021 481 2104 pedibus
500 2024 626 2086 merent
644 2020 839 2106 sagittisque
858 2019 1054 2104 depugnant,
1076 2019 1156 2084 illae
1170 2038 1198 2078 ao

138 2112 287 2193 equestre
323 2109 485 2192 proelium
521 2110 636 2174 ineunt
671 2130 730 2174 nec
766 2108 853 2172 ferro
890 2107 1064 2190 dimicant,
1101 2107 1158 2172 sed

138 2218 220 2279 quos
243 2197 368 2280 laqueis
396 2198 596 2281 intercepere
619 2197 778 2262 trahendo
802 2195 990 2262 conficiunt.
1029 2196 1158 2262 nubunt

137 2287 260 2363 tamen,
296 2306 409 2349 verum
440 2289 478 2350 ut
508 2285 638 2350 nubiles
670 2285 853 2350 habeantur
885 2306 952 2350 non
983 2285 1018 2350 in
1049 2288 1159 2349 aetate

137 2373 251 2438 modus
290 2377 357 2457 est,
396 2373 460 2438 nisi
497 2395 580 2458 quae
616 2374 745 2439 hostem
782 2374 974 2438 interemere
1010 2373 1157 2457 virgines

76 2477 127 2530 115
137 2466 279 2528 manent.
314 2463 386 2546 ipse
404 2462 523 2528 Tanais
547 2485 586 2528 ex
604 2462 753 2547 Riphaeo
776 2465 886 2527 monte
908 2461 1051 2528 deiectus
1074 2460 1154 2526 adeo
1169 2479 1196 2522 ιι

137 2571 291 2633 praeceps
319 2552 401 2634 ruit,
431 2555 469 2617 ut
496 2573 571 2617 curn
599 2552 707 2617 vicina
737 2551 886 2635 flumina,
917 2554 989 2615 tum
1016 2549 1157 2615 Maeotis

138 2640 171 2700 et
201 2637 373 2720 Bophorus
406 2644 477 2704 tum
508 2639 607 2704 Ponti
639 2640 751 2724 aliqua
785 2639 927 2704 brumali
959 2640 1067 2724 rigore
1099 2638 1157 2704 du*

211 2800 234 2848 1
249 2793 410 2849 adsidentes
429 2795 471 2848 A¹
489 2794 646 2850 assidentes
665 2794 707 2849 A²
781 2801 804 2850 1.
824 2802 849 2850 2.
868 2793 1033 2850 menanclea
1050 2796 1154 2850 terres-

136 2867 199 2920 trea
217 2864 371 2920 sexsolicae
386 2865 481 2920 coraxi
499 2867 610 2934 cletyr
564 2868 626 2934 tyro
627 2865 715 2936 phagi
729 2866 757 2920 A
770 2865 994 2933 Melanchlaena,
1013 2865 1154 2933 Toretica‚

137 2953 187 2992 sex
209 2935 336 3004 Colicae,
365 2935 504 3005 Coraxici,
556 2937 651 2992 hthiro
673 2937 742 3008 hugi
771 2936 800 2992 O
824 2937 976 2992 Mueller
964 2954 996 2991 aa
1020 2936 1154 3008 Paphi,

139 3006 173 3061 G.
197 3007 264 3076 Vp
288 3012 345 3064 180
417 3015 441 3062 2
465 2956 672 3063 haeniochird
739 3007 972 3064 heniochorum
994 3006 1036 3060 A¹
1057 3007 1155 3063 haeni-

136 3025 272 3132 ochorum
290 3077 331 3131 A²
385 3078 600 3135 dioschoriasA
654 3085 679 3136 8.
699 3080 853 3148 bosporum
865 3078 907 3132 A¹
924 3077 1099 3148 bosphorum
1113 3077 1156 3132 A²

192 3153 233 3203 10.
250 3155 291 3203 11.
311 3148 460 3205 hermonos
479 3151 635 3221 sacoephoe
649 3150 677 3203 A
690 3149 885 3218 Hermonassa,
901 3147 958 3219 Cep
960 3165 993 3204 oe
1008 3149 1157 3204 Barbarae

192 3226 233 3275 11.
254 3235 425 3290 spanacorea
439 3221 467 3274 A
484 3221 668 3291 Phanagorou
681 3222 781 3290 aarum
837 3227 877 3276 14.
892 3220 1022 3291 proprior
1035 3219 1076 3274 A¹
1090 3237 1156 3289 pro·

136 3289 200 3360 pior
217 3289 258 3344 A*
314 3298 355 3349 16.
374 3291 497 3362 bosporo
516 3292 557 3346 A¹
574 3291 715 3360 bosphoro
735 3290 776 3344 A*
832 3298 873 3348 17.
892 3293 959 3346 thae
978 3292 1039 3345 taes
1058 3291 1157 3344 arachi

136 3378 165 3433 A
179 3379 296 3445 Thatae,
311 3379 421 3434 Sirachi
434 3382 534 3450 scripsi
589 3384 630 3434 18.
645 3380 773 3434 xamatae
788 3380 816 3434 A
829 3381 976 3435 Jxamatae
991 3363 1155 3435 Hotatem'ua

209 3455 251 3504 ιι.
271 3466 388 3505 manens
407 3451 448 3505 A¹
466 3451 582 3505 manent
600 3449 641 3504 A²
