2512 3824
128 189 170 254 58
472 186 650 244 POMPONII
668 186 795 243 MELAE

128 374 183 417 eos
202 351 350 416 Tamaris
370 355 403 416 et
418 349 494 416 Sars
512 351 647 415 flumina
665 373 732 417 non
749 350 849 436 longe
868 353 940 416 orta
959 350 1144 437 decurrunt,

127 440 275 505 Tamaris
304 440 478 505 secundum
500 439 612 504 Ebora
634 443 779 523 portum,
803 437 880 503 Sars
903 439 1144 505 iuxtaterram

127 528 270 613 Augusti
298 529 398 593 titulo
427 527 680 592 memorabilem.
726 531 833 592 cetera
860 548 957 611 super
979 526 1144 594 Tamarici

126 616 268 702 Nerique
292 617 439 682 incolunt
461 617 495 680 in
518 637 556 681 eo
578 619 687 681 111111
709 615 827 680 ultimi.
871 615 1029 681 hactenus
1056 617 1145 682 enirn

76 722 109 770 12
129 705 169 769 ad
207 705 406 770 occidentem
447 726 541 770 versa
577 704 675 768 litora
714 705 888 789 pertinent.
947 704 1061 769 deinde
1102 705 1172 770 ads

129 793 365 877 septentriones
397 795 468 858 toto
496 793 598 857 latere
629 796 718 857 terra
743 792 944 858 convertitur
970 815 991 857 a
1018 791 1144 859 Celtico

129 882 355 965 promunturio
380 882 421 946 ar
438 880 627 964 Scythicum
650 902 761 964 usque.
805 884 964 964 perpetua
984 881 1053 946 eius
1077 903 1146 966 ora,

127 971 193 1037 nisi
215 970 272 1035 ubi
294 969 412 1034 modici
439 991 584 1034 recessus
612 990 650 1034 ac
677 991 779 1053 parva
802 970 1031 1052 promunturia
1058 973 1145 1054 sunt,

76 1079 108 1127 13
129 1057 170 1122 ad
188 1057 369 1126 Cantabros
392 1079 493 1142 paene
515 1061 606 1122 recta
629 1062 688 1122 est.
733 1057 768 1121 in
791 1058 994 1141 caprimum
1010 1057 1145 1123 Artabri

128 1151 205 1211 sunt
236 1147 414 1212 etiamnum
441 1144 582 1211 Celticae
615 1146 736 1231 gentis,
766 1146 882 1210 deinde
911 1145 1059 1230 Astyres.
1108 1147 1144 1212 in
1158 1165 1184 1206 ro

129 1234 280 1298 Artabris
308 1235 397 1299 sinus
426 1256 480 1298 ore
508 1241 650 1318 angusto
677 1234 856 1300 admissum
884 1256 973 1299 mare
1000 1254 1067 1303 non
1089 1257 1145 1300 an-

129 1325 225 1409 gusto
248 1322 374 1386 ambitu
393 1322 555 1406 excipiens
573 1322 788 1387 Adrobricam
807 1324 920 1387 urbem
939 1327 972 1387 et
991 1327 1146 1408 quattuor

129 1411 274 1476 amnium
311 1411 395 1475 ostia
426 1408 576 1494 incingit:
614 1410 676 1475 duo
713 1411 813 1475 etiam
848 1411 933 1478 inter
969 1412 1145 1478 accolentis

128 1499 288 1585 ignobilia
311 1504 396 1583 sunt,
419 1520 477 1582 per
499 1499 565 1564 alia
587 1498 768 1564 Ducanaris
792 1499 859 1564 exit
882 1504 915 1564 et
933 1499 1064 1584 Libyca.
1110 1501 1146 1566 in

128 1589 287 1673 Astyrum
309 1588 406 1653 litore
423 1586 540 1673 Noega
562 1593 613 1652 est
631 1588 794 1672 oppidum,
818 1592 851 1654 et
873 1593 940 1654 tres
964 1611 1039 1654 arae
1063 1611 1144 1673 quas
1159 1605 1186 1648 15

130 1676 297 1742 Sestianas
316 1679 435 1740 vocant
452 1677 487 1740 in
500 1677 711 1759 paeneinsula
728 1677 843 1742 sedent
861 1681 895 1743 et
913 1681 990 1742 sunt
1004 1677 1147 1762 Augusti

78 1783 111 1831 14
129 1765 259 1829 nomine
284 1786 394 1829 sacrae
411 1764 653 1848 inlustrantque
671 1768 775 1829 terras
799 1770 875 1830 ante
892 1765 1064 1850 ignobiles.
1111 1770 1146 1831 at

130 1853 170 1917 ab
208 1873 245 1918 eo
277 1852 410 1916 flumine
447 1853 533 1938 quod
565 1851 688 1918 Saliam
719 1858 838 1918 vocant
873 1854 1032 1939 incipiunt
1069 1876 1146 1920 orae

129 1940 288 2025 paulatim
319 1941 480 2027 recedere,
512 1946 546 2007 et
575 1943 661 2008 latae
694 1941 798 2007 adhuc
826 1941 1005 2027 Hispaniae
1039 1943 1145 2028 magis

130 2030 300 2115 magisque
323 2031 431 2114 spatia
459 2031 663 2115 contrahere,
689 2053 791 2115 usquc
815 2031 894 2096 adeo
923 2035 1026 2096 semet
1046 2031 1145 2096 terris
1159 2049 1186 2090 ao

130 2119 400 2203 angustantibue,
436 2124 473 2183 ut
505 2141 615 2183 earum
648 2119 790 2201 spatium
825 2120 911 2184 inter
942 2119 1005 2185 duo
1042 2119 1147 2186 maria

131 2206 263 2270 dimidio
287 2207 394 2270 minus
418 2207 462 2270 sit
484 2228 549 2290 qua
570 2204 712 2270 Galliam
733 2210 873 2292 tangunt
902 2230 1000 2292 quam
1023 2209 1080 2273 ubi
1103 2207 1146 2274 ad

78 2311 111 2360 15
130 2293 329 2358 occidentem
360 2294 438 2358 litus
471 2294 691 2379 exporrigunt
745 2298 886 2359 tractum
917 2293 1076 2362 Cantabri
1113 2300 1147 2361 et

130 2382 280 2449 Vardulli
305 2385 431 2448 tenent:
459 2379 698 2448 Cantabrorum
726 2383 852 2468 aliquot
878 2384 992 2468 populi
1020 2406 1145 2450 amnes·

203 2546 227 2594 2.
247 2540 365 2608 pontum
384 2540 412 2593 A
430 2540 578 2609 portumv
649 2547 675 2595 3.
694 2546 719 2596 4.
739 2537 841 2596 temari
859 2537 1001 2607 cinerique
1020 2539 1048 2594 A
1121 2547 1163 2595 6.·

132 2607 287 2680 septinessls
303 2610 330 2663 A
350 2608 554 2691 septentriones
572 2627 589 2665 o
661 2616 686 2667 8.
706 2627 739 2664 ae
757 2617 820 2665 ante
838 2625 926 2679 parva
943 2608 984 2663 A²
1002 2611 1034 2666 ia
1056 2610 1147 2680 spatio

130 2694 217 2733 vacuo
290 2682 508 2735 10.et1anasum
521 2681 549 2734 A
568 2679 721 2735 etiamnum
738 2681 850 2737 Vossius
922 2687 964 2736 11.
979 2680 1104 2734 artabres
1119 2681 1147 2734 A

131 2747 259 2802 Artabris
277 2765 298 2803 a
370 2755 412 2804 11.
434 2757 474 2807 12.
494 2767 552 2804 non
569 2757 634 2806 aare
651 2753 772 2822 angusto
791 2750 831 2805 A¹
849 2755 882 2808 11
899 2753 1094 2822 1111111111

132 2826 174 2874 11.
193 2821 224 2874 et
241 2819 337 2888 libyca
354 2818 394 2874 A¹
413 2821 446 2875 ia
467 2823 557 2890 spatio
579 2839 666 2878 vocuo
739 2829 780 2879 lo.
799 2839 889 2879 noeca
911 2823 939 2878 A
956 2822 1056 2891 Noega
1073 2821 1146 2877 Bar·

132 2893 216 2946 boras
268 2898 308 2947 16.
323 2889 507 2960 paeneinsula
520 2891 560 2944 Αι
575 2909 643 2947 corr.
689 2892 803 2962 augusti
816 2895 858 2948 A¹
872 2911 941 2949 corr.
994 2900 1147 2948 11111111

131 2961 173 3015 A²
191 2964 249 3017 ins
269 2963 326 3018 atio
339 2979 426 3017 comeo
480 2961 688 3033 inlustrantque
702 2981 770 3020 corr.
789 2963 989 3032 illustrantque
1003 2963 1032 3017 A
1105 2970 1147 3019 17.

133 3038 175 3087 18.
189 3035 220 3086 at
234 2979 269 3085 ab
284 3049 317 3087 eo
331 3033 521 3103 A⁹iaspotio
534 3051 621 3090 vocuo
668 3042 709 3090 18.
723 3034 781 3088 inci
801 3035 864 3089 iunt
879 3052 943 3089 orae
957 3033 998 3088 A¹
1012 3036 1045 3089 ia
1057 3035 1148 3104 spatio

131 3119 217 3158 11111
235 3105 352 3172 exceptis
370 3105 467 3159 litteras
485 3103 516 3158 in
589 3111 630 3160 19.
650 3105 725 3159 latae
801 3123 836 3160 uo
854 3106 895 3159 A²
913 3107 1031 3175 exeeptis
1049 3106 1148 3160 11111111

130 3173 187 3227 huo
211 3175 244 3228 iu
264 3175 353 3242 spatio
375 3191 462 3230 cocao
538 3183 581 3230 20.
606 3175 770 3230 conuehere
793 3193 881 3244 usque
910 3176 981 3230 adeo
1005 3177 1096 3230 semet
1119 3177 1149 3228 et

130 3245 219 3298 terras
242 3243 458 3313 angustantibus
482 3247 514 3299 ut
537 3261 633 3299 earum
656 3245 697 3300 A'
719 3249 838 3316 exceptis
865 3249 962 3302 litteris
991 3247 1091 3301 contra
1116 3247 1149 3300 ia

131 3316 221 3383 spatio
243 3332 329 3371 saeuo
392 3317 481 3369 semet
504 3317 533 3370 et
554 3315 643 3370 terras
663 3316 704 3370 A*
722 3319 811 3372 semet
832 3316 916 3372 terris
935 3335 955 3372 a
1026 3324 1070 3372 21.
1085 3322 1150 3386 post

131 3401 227 3439 earum
250 3387 314 3442 add.
337 3402 429 3440 rerum
447 3386 475 3440 A
497 3389 604 3457 expulit
626 3387 769 3444 Vedianas
822 3387 913 3442 maria
926 3386 975 3441 ·A²
1000 3390 1032 3442 ia
1056 3388 1148 3457 spatio

127 3470 217 3510 caeso
