2512 3824
130 210 151 276 6
479 213 657 271 POMPONII
674 211 799 269 MELAE

130 396 150 439 a
173 375 302 460 ceteris,
324 376 455 444 brevior
477 382 527 444 est
551 377 680 463 quidem
704 397 802 461 quam
824 376 963 460 Europe,
988 375 1064 460 quia
1086 397 1146 443 nec

129 484 267 546 usquam
285 463 384 530 Asiae
408 470 441 532 et
462 489 530 533 non
551 466 632 533 totis
654 465 752 529 huius
775 464 927 530 litoribus
950 462 1147 550 obtenditur,

129 550 260 636 longior
285 561 397 619 tamen
424 555 497 639 ipsa
525 576 622 639 quam
649 553 760 636 latior,
793 555 825 617 et
852 575 915 637 qua
943 553 983 617 ad
1012 553 1147 619 fluvium

130 639 272 724 adtingit
289 641 461 728 latissima,
483 647 582 729 utque
601 642 675 706 inde
698 640 843 725 procedit
865 642 913 707 ita
931 641 1037 709 media
1054 663 1146 726 prae-

129 728 223 812 cipue
249 730 285 794 in
311 731 389 817 iuga
416 752 592 817 exsurgens
619 731 729 816 pergit
755 730 890 795 incurva
916 729 958 794 ad
986 751 1146 815 oceasum,
1173 749 1186 791 s

129 817 328 903 fastigatque
356 841 391 884 re
424 821 581 905 molliter3
614 823 648 884 et
673 819 746 883 ideo
780 840 818 883 ex
847 819 953 903 spatio
985 818 1147 903 paulatim

77 919 109 968 21
130 905 299 971 adductior
312 907 369 972 ubi
388 908 500 973 finitur
518 909 566 974 ibi
579 908 719 973 maxime
739 909 879 992 angusta
893 911 951 972 est.
988 911 1147 992 quantum

128 994 283 1060 incolitur
314 995 430 1061 eximie
462 996 596 1081 fertilis,
628 1017 740 1061 verum
769 995 855 1080 quod
886 996 1044 1080 pleraque
1077 996 1145 1061 eius

128 1082 252 1148 inculta
275 1088 308 1149 et
331 1088 388 1150 aut
410 1086 543 1152 harenis
567 1084 733 1151 sterilibus
753 1083 893 1149 obducta
915 1089 972 1149 aut
995 1085 1037 1148 ob
1056 1084 1147 1149 sitim

129 1171 212 1236 caeli
235 1177 459 1258 terrarumque
482 1175 610 1240 deserta
634 1175 710 1238 sunt
738 1176 794 1237 aut
821 1166 1017 1238 infestantur
1039 1173 1145 1238 multo
1161 1193 1187 1233 ιο

130 1280 167 1323 22
189 1260 338 1327 malefico
361 1282 479 1347 genere
503 1262 702 1346 animalium,
725 1264 819 1327 vasta
843 1265 893 1326 est
916 1261 1023 1346 magis
1048 1283 1146 1346 quam

128 1347 289 1432 frequens.
334 1371 424 1415 mare
448 1372 512 1435 quo
533 1351 677 1434 cingitur
700 1372 720 1414 a
739 1350 960 1435 septentrione
978 1349 1146 1434 Libycum,

129 1436 309 1504 ameridie
336 1437 579 1524 Aethiopicum,
607 1438 648 1503 ab
677 1436 841 1504 occidente
864 1438 1070 1504 Atlanticum
1100 1438 1147 1502 di·

76 1538 109 1588 22
129 1525 241 1591 cimus.
284 1527 320 1591 in
343 1549 381 1593 22
398 1532 490 1613 parte
514 1549 597 1613 quae
615 1526 739 1613 Libyco
759 1525 885 1593 adiacet
902 1528 1051 1612 proxima
1068 1525 1146 1592 Nilo

128 1615 296 1696 provincia
309 1638 407 1700 quam
421 1615 565 1701 Cyrenas
580 1620 711 1701 vocant3
731 1615 807 1682 dein
820 1616 872 1680 cui
885 1616 986 1681 totius
1000 1615 1145 1699 regionis
1161 1633 1187 1675 1⁵

128 1703 286 1767 vocabulo
301 1722 482 1787 cognomen
494 1705 634 1768 inditum
650 1707 700 1768 est
713 1701 835 1766 Africa.
863 1703 970 1765 cetera
983 1700 1146 1766 Numidae

129 1793 162 1852 et
184 1787 291 1853 Mauri
313 1793 438 1875 tenent,
462 1791 518 1855 sed
540 1790 649 1854 Mauri
671 1789 756 1854 etin
778 1787 980 1889 Atlanticum
1009 1788 1145 1872 pelagus

128 1879 318 2050 flattu.
325 1879 411 2032 111111
425 1875 1146 2053 tristlthlftttltfstl

128 2053 295 2120 meridiem
322 2059 448 2140 spectat
474 2077 575 2141 usque
602 2056 637 2122 in
664 2053 763 2120 Asiae
795 2053 935 2120 confinia
967 2051 1145 2139 possident.
1160 2073 1187 2114 ao

75 2155 108 2206 23
129 2146 163 2207 22
186 2164 283 2226 super
306 2165 344 2208 ea
372 2166 455 2228 quae
476 2143 602 2228 Libyco
630 2143 714 2209 mari
744 2142 920 2209 adluuntur
941 2141 1060 2227 Libyes
1085 2142 1148 2208 Ae·

130 2230 235 2316 gyptii
258 2234 335 2296 sunt
357 2235 391 2297 et
408 2231 685 2316 Leucoaethiopes
708 2234 742 2296 et
759 2230 850 2296 natio
868 2230 1020 2315 frequens
1039 2231 1147 2297 multi·

127 2318 267 2403 plexque
300 2317 442 2386 Gaetuli.
493 2320 608 2386 deinde
640 2321 707 2385 late
739 2323 836 2385 vacat
866 2320 957 2404 regio
989 2323 1146 2405 perpetuo

128 2411 237 2474 tractu
269 2408 505 2475 inhabitabilis.
557 2412 630 2475 tum
660 2409 784 2493 primos
817 2408 859 2473 ab
892 2408 1015 2474 oriente
1046 2407 1146 2474 Gara·

128 2501 271 2581 mantas,
301 2501 379 2582 post
406 2497 545 2584 Augilas
573 2501 606 2563 et
634 2494 856 2583 Trogodytas,
888 2499 921 2561 et
943 2497 1078 2563 ultimos
1106 2497 1147 2562 ad
1162 2513 1188 2555 2⁶

129 2606 280 2650 occasum
311 2585 465 2652 Atlantas
498 2585 656 2652 audimus.
706 2586 808 2669 intra,
841 2586 869 2650 si
901 2586 1029 2650 credere
1056 2585 1148 2667 libet,

130 2672 184 2736 vix
219 2673 287 2738 iam
322 2674 472 2740 homines
509 2675 677 2760 magisque
713 2674 856 2739 semiferi
892 2673 1076 2758 Aegipanes
1114 2675 1148 2736 22

128 2759 278 2845 Blemyes
298 2765 332 2827 et
349 2760 611 2847 Gamphasantes
630 2765 663 2828 et
677 2759 787 2846 Satyri
806 2761 876 2826 sine
894 2761 989 2825 tectis
1008 2780 1045 2824 22
1064 2759 1146 2824 sedi-

129 2850 190 2914 bus
213 2849 337 2934 passim
360 2851 437 2937 vagi
458 2850 581 2916 habent
603 2850 713 2936 potius
736 2853 842 2914 terras
866 2869 963 2933 quam
983 2841 1146 2914 habitant.

128 3132 186 3184 tam
198 3059 547 3185 fediamAlifaliieiliaioAi
566 3058 612 3186 Ab..
627 3065 686 3202 “fl
696 3059 841 3201 uidgteliisglif
854 3057 1146 3199 &mairiam

128 3187 175 3256 As
203 3188 208 3199 '
242 3205 284 3257 14.
301 3199 334 3282 jn
352 3199 403 3256 1110
423 3200 452 3254 A
471 3200 577 3283 2222
650 3207 692 3256 12.
712 3203 742 3256 ea
755 3200 929 3283 22222222
947 3201 1018 3284 aad..
1036 3189 1147 3283 222222

184 3270 374 3326 2221222222
392 3271 433 3324 A¹
452 3270 620 3325 atlanticum
637 3271 680 3324 A¹
753 3278 794 3329 18.
810 3273 926 3342 argutae
941 3271 969 3326 A
982 3269 1010 3324 N
1065 3271 1113 3325 tae
1127 3288 1147 3325 x

181 3341 497 3398 carusiiAPharusiio
552 3348 594 3397 19.
609 3341 777 3413 aethiophas
791 3342 832 3396 A¹
846 3342 993 3412 aethiopas
1038 3340 1049 3374 ¹
1103 3346 1145 3394 21.

129 3412 284 3468 abluuntur
306 3412 334 3467 A
352 3412 504 3467 adluuntur
520 3429 537 3468 2
591 3413 709 3483 aegypti
727 3414 755 3468 A
826 3419 869 3470 23.
889 3411 980 3483 getuli
1002 3413 1030 3467 A
1102 3417 1145 3467 24.

114 3485 306 3544 eameram
321 3483 367 3538 A¹
382 3484 566 3554 garamantas
581 3483 623 3539 A·
695 3488 738 3540 28.
753 3483 959 3555 gampasamtes
974 3483 1002 3537 A
