2512 3824
383 185 564 242 cnonooo.
583 186 667 242 1112.
686 193 703 242 a
722 187 850 256 (ro-ar)
1083 186 1125 250 61

111 352 217 413 terrae
239 349 459 431 procurrentis
485 349 519 413 in
542 349 677 433 pelagus
702 353 734 413 et
762 371 820 414 ora
843 346 1049 414 Cantabricis
1072 349 1127 414 ad-

112 458 206 501 versa
228 436 394 519 litoribus,
422 437 495 502 aliis
517 436 646 521 populis
670 437 778 502 media
801 437 869 501 eius
892 437 1127 522 habitantibus,

111 525 152 589 ab
172 523 326 590 Santonis
349 524 390 589 ad
409 523 570 590 Ossismos
593 547 695 609 usque
718 525 849 590 deflexa.
896 526 937 591 ab
955 525 1020 590 illis
1040 526 1127 591 enim

110 613 230 677 iterum
257 613 298 678 od
324 614 564 697 septentriones
594 612 686 679 frons
713 614 848 679 litorum
878 613 1026 698 respicit,
1057 636 1128 698 per·

80 701 259 786 stinetque
282 701 323 766 ad
344 701 480 767 ultimos
499 700 699 767 Gallicarum
722 703 868 788 gentium
890 701 1047 785 Morinos,
1069 723 1128 767 nec

112 793 210 874 portu
229 812 326 875 quem
340 789 550 856 Gesoriacum
567 795 686 856 vocant
700 790 877 875 quidquam
894 791 1004 856 notius
1018 791 1128 855 habet.

111 878 245 943 Rhenus
272 877 413 963 Alpibus
441 878 590 944 decidens
617 901 719 964 prope
748 902 767 944 a
795 880 901 963 capite
930 879 1010 944 duos
1038 878 1127 944 lacus
1147 895 1182 944 24

113 967 214 1033 efficit
245 965 408 1032 Venetum
440 971 474 1032 ct
506 967 680 1033 Acronum.
735 989 811 1032 mox
845 968 901 1032 diu
934 966 1057 1032 solidus
1095 971 1128 1032 et

112 1058 199 1120 certo
229 1056 321 1121 alveo
350 1056 462 1140 lapsus
489 1056 577 1120 haud
604 1056 718 1139 procul
745 1057 874 1120 amari
900 1055 964 1120 huc
990 1060 1023 1121 et
1049 1055 1129 1120 illuc

73 1163 102 1203 ro
115 1143 330 1228 dispergitur,
368 1144 424 1208 sed
457 1144 498 1209 ad
534 1144 701 1209 sinistram
738 1144 843 1208 amnis
880 1144 1059 1209 etiamnum
1096 1148 1129 1208 et

113 1231 216 1297 donec
239 1233 351 1298 effluat
372 1232 522 1316 Rhenus,
549 1232 591 1296 ad
613 1232 760 1298 dextram
781 1233 889 1316 primo
914 1236 1073 1318 angustus
1096 1235 1130 1296 et

113 1320 164 1385 sui
186 1321 318 1404 similis,
340 1324 417 1404 post
439 1320 520 1404 ripis
542 1320 640 1405 longe
664 1343 701 1386 ac
723 1320 791 1386 late
813 1321 1037 1387 recedentibus
1061 1320 1129 1384 iam

112 1430 178 1472 non
215 1410 320 1473 amnis
352 1408 409 1473 sed
445 1409 559 1494 ingens
591 1410 681 1474 lacus
718 1410 776 1474 ubi
811 1431 943 1493 campos
979 1408 1130 1492 implevit
1231 1480 1234 1485 ,

112 1495 211 1561 Flevo
236 1496 367 1580 dicitur,
396 1496 603 1580 eiusdemque
624 1498 766 1562 nominis
794 1497 935 1561 insulam
960 1496 1129 1579 amplexus

72 1603 100 1646 rs
113 1585 152 1649 fit
175 1584 295 1650 iterum
318 1585 421 1650 artior
443 1585 625 1669 iterumque
647 1585 765 1650 fluvius
790 1584 958 1650 emittitur.

202 1671 378 1738 Germania
413 1673 490 1738 hinc
521 1673 603 1756 ripis
639 1673 708 1738 eius
744 1694 846 1756 usque
882 1672 924 1738 ad
955 1670 1073 1756 Alpes,
1109 1650 1181 1777 a{’5

113 1762 247 1828 meridie
274 1763 355 1846 ipsis
378 1761 534 1846 Alpibus,
562 1762 603 1826 ab
632 1762 757 1826 oriente
781 1759 1032 1826 Sarmaticarum
1055 1781 1129 1825 con·

113 1850 192 1916 finio
207 1851 362 1934 gentium,
380 1872 445 1936 qua
459 1850 713 1934 septentrionem
728 1853 853 1934 spectat
868 1850 1019 1916 oceanico
1033 1848 1129 1913 litore

114 1938 255 2002 obducta
273 1943 332 2003 cst.
373 1939 430 2022 qui
447 1938 601 2002 habitant
623 1939 780 2002 immanes
800 1942 877 2002 sunt
895 1938 1012 2002 animis
1033 1941 1130 2021 atque
1149 1953 1184 2002 ro

72 2045 101 2087 so
114 2025 322 2108 corporibus,
358 2030 392 2089 et
424 2025 464 2090 ad
496 2025 630 2089 insitam
664 2025 829 2090 feritatem
865 2028 957 2090 vaste
993 2029 1131 2108 utraque

115 2117 279 2197 exercent,
310 2113 464 2178 bellando
496 2112 636 2198 animos,
673 2134 811 2197 corpora
842 2112 1054 2178 adsuetudine
1086 2111 1132 2176 la-

115 2203 232 2267 borum
250 2202 391 2267 maxime
409 2201 550 2286 frigoris.
581 2201 661 2266 nudi
680 2207 781 2288 agunt
800 2205 975 2286 antequam
993 2202 1132 2285 puberes

116 2290 196 2376 sint,
224 2295 257 2357 et
278 2291 472 2377 longissima
500 2290 584 2375 apud
608 2312 664 2356 eos
687 2291 827 2375 pueritia
854 2296 914 2358 est,
958 2290 1020 2356 viri
1044 2290 1132 2375 sagis

115 2379 265 2445 velantur
297 2385 354 2445 aut
384 2380 479 2444 libris
510 2380 677 2463 arborum,
709 2380 856 2462 quamvis
889 2400 985 2443 saeva
1016 2377 1132 2441 hieme.

75 2468 215 2532 sonandi
236 2489 304 2532 non
325 2468 486 2551 patientia
512 2470 641 2531 tantum
668 2466 748 2549 illis,
776 2466 917 2530 studium
945 2465 1045 2530 etiam
1074 2469 1132 2529 est.
1152 2481 1185 2530 27

115 2555 300 2620 bellacum
322 2555 471 2619 finitimis
495 2557 625 2638 gerunt,
654 2574 768 2618 causas
792 2575 905 2618 eorum
932 2575 972 2618 ex
997 2552 1132 2619 libidine

117 2647 299 2727 arcessunt,
325 2663 429 2729 neque
452 2641 649 2726 inperitandi
675 2641 924 2727 prolatandique
952 2663 1034 2726 quae
1058 2664 1131 2727 pos-

117 2731 233 2818 sident,
255 2754 332 2798 nam
354 2753 394 2796 ne
417 2731 477 2796 illa
499 2730 630 2816 quidem
652 2730 745 2796 enixe
764 2731 885 2816 colunt,
908 2731 963 2796 sed
987 2735 1024 2796 ut
1048 2731 1134 2797 eirca

189 2896 214 2944 2.
233 2888 298 2943 altis
317 2889 346 2942 A
363 2887 464 2944 aliisc
536 2895 561 2943 3.
581 2886 760 2959 ossimolsA¹
776 2886 909 2942 ossismos
923 2886 965 2942 A’
1036 2892 1063 2942 4.
1076 2883 1134 2940 fros

117 2960 160 3015 A¹
181 2957 258 3013 frons
282 2958 323 3014 A¹
403 2965 429 3013 4.
454 2964 479 3015 5.
501 2956 700 3028 pertinentque
724 2959 753 3012 A
834 2955 1068 3014 terenciacum
1093 2955 1134 3009 A¹

117 3028 323 3101 gesericiaoum
336 3029 378 3082 A'
391 3027 572 3084 Gesoriacum
585 3045 606 3082 a
655 3027 808 3097 quidquam
821 3027 862 3081 A¹
881 3027 1032 3096 quicquam
1045 3025 1085 3081 A’

118 3108 144 3156 9.
167 3100 264 3169 lapsus
282 3098 324 3152 A¹
342 3115 411 3154 corr.
465 3098 542 3151 haud
560 3098 601 3152 A¹
620 3114 689 3154 corr.
763 3104 806 3153 10.
825 3096 970 3152 sinistrum
991 3099 1020 3152 A
1093 3103 1134 3153 15.

118 3170 213 3254 fluviis
231 3170 259 3224 A
278 3167 379 3222 fluvius
397 3186 418 3224 c
473 3175 514 3224 17.
534 3167 663 3271 orientes(
678 3169 707 3224 A
760 3167 959 3251 armaticarum
972 3168 1014 3252 A}
1033 3183 1136 3252 sarma-

117 3245 238 3327 troarum
251 3239 299 3324 ⁴4³.
348 3246 389 3296 18.
405 3256 459 3309 que
472 3239 515 3294 A²
533 3239 629 3308 qqu
694 3255 829 3322 oceamco
843 3239 885 3294 Α*
902 3244 1021 3320 accepts
1039 3240 1136 3294 literas

120 3316 431 3440 ttlstttmt
450 3316 533 3437 ...ΞΤΙ
552 3309 1009 3453 ditffttttsfittttfflr
1022 3307 1136 3450 Aac

120 3471 141 3510 c
211 3461 254 3510 23.
274 3453 349 3526 viriss
366 3453 393 3509 A
465 3457 508 3507 27.
526 3451 699 3522 mpcritaudi
720 3453 762 3507 A¹
785 3449 975 3523 imperitandi
993 3449 1028 3503 A*
