2512 3824
145 171 194 236 '14
493 169 672 226 POMPONII
689 169 814 225 MELAE

142 336 237 400 turia
260 331 482 399 Maenorenon
509 336 542 398 et
564 331 690 398 Coloba
712 332 890 399 Philoteris
923 337 956 398 et
981 333 1172 420 Ptolemais,

144 425 238 488 ultra
252 421 391 487 Arsinoe
410 424 444 486 ct
462 421 527 486 alia
541 421 707 505 Berenice,
725 425 796 487 tum
812 422 895 486 silva
908 443 991 506 quae
1003 423 1170 489 hebenum

144 512 330 595 odoresque
361 515 510 594 generat,
543 514 577 574 et
608 531 707 575 menn
738 510 843 576 factus
876 511 997 595 amnis,
1028 511 1171 598 ideoque

93 617 130 668 81
149 600 338 666 referendus
358 599 444 684 quod
463 621 502 663 ex
520 598 592 664 Nili
611 599 704 664 alveo
723 598 858 684 dioryge
878 598 1044 665 adductus.
1057 664 1062 675 ,
1075 606 1172 667 extra

150 690 274 774 sinum,
314 710 427 752 verum
472 688 507 752 in
555 687 639 752 flexu
684 691 797 752 temen
844 687 1023 753 etiamnum
1064 689 1199 755 Rubrio

150 779 250 844 maris
274 799 350 861 pars
373 776 488 841 bestiis
512 775 632 842 infeste
653 776 790 861 ideoque
809 778 937 841 deserta
960 781 1019 861 est,
1042 781 1172 861 partem

150 867 294 933 Panchai
320 864 484 946 habitent,
512 865 549 929 hi
577 886 658 949 quos
682 886 721 930 ex
748 865 835 931 facto
859 865 937 949 quia
964 868 1172 949 serpentibus

149 958 325 1020 vescuntur
339 952 574 1037 Ophiophagos
589 956 715 1018 vocant.
747 953 837 1018 fuere
852 953 988 1018 interius
1003 954 1172 1041 Pygmaei,

150 1044 312 1109 minutum
326 1063 439 1128 genus,
458 1045 491 1106 et
505 1041 590 1126 quod
604 1064 663 1125 pro
683 1043 762 1106 satis
776 1042 926 1126 frugibus
941 1046 1055 1107 contra
1073 1064 1172 1129 grues

95 1149 131 1198 82
151 1132 333 1197 dimicando
353 1130 478 1196 defecit.
517 1133 593 1196 sunt
610 1131 715 1195 multa
733 1131 902 1196 volucrum
915 1132 1021 1198 multa
1038 1149 1213 1218 serpen-1⁰

150 1221 234 1284 tium
253 1240 386 1305 genera:
410 1220 450 1284 de
469 1218 674 1302 serpentibus
693 1219 896 1295 memorandi
915 1220 1064 1306 maxime,
1088 1243 1172 1306 quos

149 1329 270 1392 parvos
307 1307 481 1373 admodum
519 1311 552 1372 et
587 1308 704 1372 veneni
744 1308 924 1392 praesentis
961 1312 1050 1375 certo
1093 1311 1173 1375 anni

150 1401 297 1481 tempore
321 1418 360 1460 ex
383 1395 462 1461 limo
486 1399 709 1462 concretarum
736 1397 904 1479 paludium
927 1417 1106 1482 emergere,
1135 1399 1171 1463 in

150 1506 271 1570 magno
296 1485 444 1550 examine
465 1485 616 1550 volantes
636 1484 824 1569 Aegyptum
847 1485 989 1569 tendere,
1012 1490 1111 1571 atque
1134 1487 1171 1551 in

150 1575 223 1659 ipso
247 1575 382 1640 introitu
405 1573 519 1639 linium
543 1575 584 1638 ab
613 1574 728 1639 avibus
757 1595 837 1658 quas
865 1573 970 1638 ibides
999 1575 1171 1658 appellant
1185 1589 1211 1632 1⁶

151 1664 286 1728 adverso
311 1664 441 1748 agmine
465 1662 570 1746 excipi
592 1682 768 1747 pugnaque
792 1662 909 1728 confici
930 1661 1088 1729 traditum
1111 1668 1172 1730 est.

93 1767 131 1816 83
152 1752 190 1816 de
223 1752 408 1816 volucribus
440 1752 612 1834 praecipue
643 1750 813 1815 referenda
844 1751 1007 1836 Phoenix,
1044 1774 1174 1836 semper

150 1840 261 1922 unica3
290 1861 357 1904 non
384 1839 471 1902 enim
499 1840 588 1904 coitu
615 1839 794 1923 concipitur
821 1843 957 1922 partuve
986 1844 1172 1926 generatur,

152 1927 209 1992 sed
228 1927 285 1992 ubi
304 1928 557 2012 quingentorum
577 1949 736 1993 annorum
755 1949 834 1993 aevo
855 1933 1012 2012 perpetua
1031 1929 1172 2015 durevit,

152 2039 249 2101 super
278 2020 509 2102 exaggeratam
536 2017 636 2082 variis
670 2017 823 2083 odoribus
853 2021 974 2082 struem
1005 2019 1071 2083 sibi
1098 2019 1171 2103 ipsa
1184 2034 1211 2074 2⁰

93 2122 132 2171 84
151 2106 284 2171 incubat
313 2106 526 2190 solviturque,
559 2105 633 2170 dein
664 2105 920 2190 putrescentium
948 2107 1171 2172 membrorum

150 2195 228 2258 tube
252 2215 461 2259 concrescens
489 2188 576 2276 ipsa‘
586 2215 621 2257 se
644 2195 784 2277 concipit
812 2197 910 2278 atque
934 2217 973 2260 ex
1000 2218 1035 2260 se
1056 2217 1171 2261 rursus

150 2282 340 2347 renascitur.
373 2303 447 2346 cum
466 2281 617 2366 adolevit,
636 2303 712 2347 ossa
730 2282 863 2365 pristini
882 2285 1025 2367 eorporis
1043 2284 1172 2350 inclusa

151 2393 262 2436 murra
280 2369 467 2455 Aegyptum
491 2373 649 2455 exportat,
672 2374 706 2434 et
728 2371 763 2436 in
785 2371 866 2436 urbe
890 2394 988 2456 quam
1007 2370 1092 2438 Solis
1114 2373 1171 2438 ad·

150 2460 276 2543 pellant
302 2460 514 2546 flagrantibus
547 2481 623 2525 arce
650 2459 756 2524 bustis
783 2459 926 2526 inferens
958 2462 1169 2528 memorando
1183 2475 1211 2518 2⁶

150 2548 266 2612 femere
290 2551 466 2614 consecrat.
512 2549 621 2633 ipsum
644 2549 906 2632 promunturium
934 2571 997 2634 quo
1020 2549 1055 2614 id
1078 2571 1169 2616 mare

151 2634 292 2700 cluditur
314 2637 493 2701 Aceraunis
518 2637 658 2702 saltibus
682 2637 805 2702 invium
829 2642 887 2703 est.

241 2723 421 2808 Aethiopes
448 2725 537 2789 ultra
563 2726 690 2810 sedent3
723 2725 857 2791 Merodn
889 2726 1013 2791 habent
1039 2730 1173 2812 terram,

151 2833 249 2898 quam
263 2810 360 2877 Nilus
374 2812 481 2895 primo
501 2813 626 2878 ambitu
641 2814 810 2898 amplexus
828 2815 970 2880 insulam
985 2814 1077 2881 facit:
1096 2837 1174 2899 pars

94 2703 132 2829 t

224 3028 248 3076 1.
273 3023 380 3077 collaoa
401 3023 430 3076 A
455 3021 560 3076 Coloba
587 3022 699 3078 Vossius
775 3023 945 3095 philopteris
968 3025 996 3079 A
1019 3023 1174 3080 Philoteris

152 3092 300 3148 Barbarae
352 3092 485 3194 piomahs
499 3093 528 3148 A
541 3093 693 3149 Ptolemais
707 3094 854 3150 Barbarae
907 3102 932 3151 4.
951 3094 1115 3150 referendus
1134 3095 1177 3151 A²

150 3161 313 3217 referendus
328 3166 355 3218 A
424 3171 448 3220 5.
464 3180 532 3218 veru
546 3165 587 3219 A¹
601 3181 699 3220 verum
712 3165 753 3219 A*
804 3165 891 3220 etiam
904 3181 961 3220 non
977 3167 1005 3220 A
1020 3165 1176 3221 etiamnum

152 3234 305 3289 Pinticnus
383 3241 424 3289 10.
454 3234 551 3289 deficit
578 3236 606 3291 A
634 3234 740 3291 defecit
762 3253 783 3292 co
860 3243 902 3292 11.
930 3237 1120 3292 memorandis
1147 3238 1176 3293 A

149 3305 352 3362 memorandis
399 3312 440 3360 13.
455 3305 604 3375 paludium
617 3308 694 3362 oicA
733 3314 773 3361 15.
790 3308 895 3376 quaA¹
909 3325 978 3377 quas
989 3306 1029 3362 A’
1079 3307 1175 3362 ibidas

149 3375 192 3429 A²
214 3392 283 3432 corr.
356 3383 399 3433 23.
418 3376 545 3433 nascitur
567 3378 608 3432 A¹
631 3377 789 3432 renascitur
807 3379 848 3433 A³
921 3385 964 3434 26.
983 3378 1175 3434 archiobustis

143 3447 173 3496 A
189 3448 308 3512 (litterae
325 3448 354 3502 io
369 3450 433 3504 odd.
453 3448 505 3519 A⁸)
526 3465 590 3504 arae
606 3448 696 3504 bustis
710 3451 811 3519 scripsi
