2512 3824
133 186 176 252 62
478 184 656 241 POMPONII
674 185 803 240 MELAE
908 207 910 211 ·

80 367 114 416 28
133 352 224 433 ipsos
247 370 329 434 quae
356 349 464 414 iacent
487 351 581 413 vasta
609 347 685 413 sint
729 348 779 412 ius
807 347 843 412 in
869 346 993 412 viribus
1015 347 1149 434 habent,

134 438 215 503 adeo
233 443 272 502 ut
284 458 326 503 ne
343 437 510 502 latrocinii
528 435 658 520 quidem
671 435 801 520 pudeat,
819 439 948 500 tantum
961 436 1148 520 hospitibus

131 527 221 610 boni,
238 527 399 610 mitesque
418 525 629 609 supplicibus.
669 523 759 589 victu
777 525 825 588 ita
843 525 950 607 asperi
967 524 1147 609 incultique
1186 591 1189 596 ,

131 619 169 679 ut
192 614 292 680 cruda
314 615 414 679 etiam
437 635 534 678 earne
555 616 729 678 vescantur
751 617 808 677 aut
830 613 965 697 recenti,
993 617 1052 678 aut
1074 634 1148 679 eum

131 703 294 788 rigentem
315 705 351 768 in
368 703 449 786 ipsis
467 701 626 786 pecudum
643 701 848 786 ferarumque
867 701 973 785 coriis,
995 703 1174 768 manibuss

79 807 112 856 29
131 791 332 876 pedibusque
358 790 536 876 subigendo
563 792 768 855 renovarunt.
815 793 906 854 terra
931 791 1004 874 ipsu
1032 791 1148 855 multis

131 879 278 964 inpedita
298 879 495 961 fluminibus,
518 879 631 942 multis
649 878 815 942 montibus
834 896 953 962 aspera
974 881 1009 943 et
1026 899 1149 993 magna

131 971 290 1122 dediti
311 967 1147 1140 dl}‚22„intulissetludit

132 1146 257 1229 aliquot
289 1148 365 1210 sunt
396 1165 480 1228 quae
513 1165 633 1208 nomen
664 1143 802 1228 habent,
838 1143 894 1207 sed
926 1143 985 1208 illa
1021 1143 1145 1209 diorum
1160 1165 1187 1206 ru

132 1233 304 1316 sexaginta
327 1234 390 1296 iter
413 1253 588 1316 occupans,
614 1234 652 1296 ut
674 1232 778 1296 maior
801 1231 874 1296 aliis
901 1231 949 1296 ita
973 1235 1006 1296 et
1027 1232 1146 1298 notior.

78 1321 293 1385 uomentium
328 1320 481 1384 altissimi
513 1319 644 1385 Taunus
682 1324 718 1384 et.
745 1319 876 1404 Retico,
911 1320 975 1384 nisi
1008 1341 1146 1405 quorum

131 1408 268 1474 nomina
287 1408 342 1473 vix
366 1412 417 1473 est
440 1409 548 1493 eloqui
572 1429 629 1472 ore
649 1429 794 1473 romano.
839 1409 984 1474 amnium
1004 1409 1040 1473 in
1062 1409 1146 1474 alias

132 1502 247 1582 gentes
269 1497 456 1563 exeuntium
477 1495 645 1562 Danuvius
668 1501 702 1562 et
724 1495 914 1581 Rhodanus,
937 1498 972 1562 in
993 1496 1146 1562 Rhenum

130 1586 257 1651 Moenis
286 1590 321 1652 et
346 1585 465 1672 Lupia,
496 1586 530 1650 in
557 1607 714 1650 oceanum
740 1584 894 1670 Amissis,
926 1585 1079 1670 Visurgis
1112 1590 1146 1651 et
1160 1611 1188 1653 rs

77 1690 110 1740 31
130 1675 225 1739 Albis
254 1675 437 1740 clarissimi.
482 1697 579 1758 super
601 1673 713 1738 Albim
737 1671 886 1739 Codanus
909 1675 1027 1759 ingens
1054 1674 1145 1739 sinus

7 1758 10 1764 ’
131 1763 258 1846 magnis
285 1763 459 1846 parvisque
485 1762 601 1826 insulis
628 1761 767 1826 refertus
794 1766 854 1826 est.
901 1762 964 1827 hae
990 1784 1026 1827 re
1055 1784 1147 1828 mare

131 1849 217 1933 quod
250 1851 375 1935 gremio
406 1851 541 1952 litorum
557 1849 731 1950 ‘accipitur
761 1871 922 1934 nusquam
954 1852 1022 1916 late
1052 1854 1147 1936 patet

129 1938 1189 2114 13111111ἓῐῑθῗῐῖἓρτὲεῐέἓῗαὲἓῗεὲξεὲᾞὲᾶἕξ»

130 2115 212 2180 faeie
233 2116 376 2180 amnium
395 2115 574 2200 spargitur3
598 2137 661 2199 qua
678 2115 777 2180 litora
796 2115 945 2202 adtingit,
967 2116 1053 2202 ripis
1070 2137 1145 2181 oon·

129 2207 255 2267 tontum
286 2203 467 2268 insularum
498 2223 565 2267 non
596 2203 695 2287 longe
728 2203 925 2269 distantibus
958 2208 991 2269 et
1023 2204 1147 2290 ubique

129 2312 232 2374 paens
254 2290 458 2374 tantundem,
485 2290 513 2354 it
536 2293 712 2374 angustum
735 2295 769 2357 et
790 2313 849 2374 par
871 2292 970 2376 freto,
993 2314 1145 2359 curvans·

77 2396 110 2446 32
130 2400 192 2463 que
216 2400 250 2445 se
274 2378 412 2444 subinde
438 2379 538 2465 longo
566 2379 738 2464 supercilio
761 2379 914 2445 inflexum
942 2384 1000 2446 est
1046 2382 1082 2446 in
1105 2403 1143 2446 eo

130 2473 205 2533 sunt
228 2467 353 2534 Cimbri
375 2473 411 2534 et
431 2467 580 2553 Teutoni,
601 2468 691 2534 ultra
713 2469 823 2533 ultimi
846 2467 1037 2535 Germaniae
1060 2469 1144 2535 Her·
1157 2491 1184 2532 as

129 2577 263 2620 mronos.
1062 2576 1063 2579 ’

75 2701 110 2751 33
218 2642 380 2710 Sarmatia
398 2646 487 2710 intus
506 2666 603 2730 quam
623 2644 664 2711 ad
683 2667 773 2710 mare
793 2645 900 2730 latior,
924 2647 965 2711 ab
987 2646 1147 2730 hisquae

200 2824 224 2874 1.
240 2815 335 2872 sinunt
347 2818 375 2871 A
392 2816 479 2873 sinte
532 2816 576 2871 lus
590 2819 618 2898 A
632 2818 675 2872 ius
690 2836 707 2899 q
760 2825 785 2874 4.
800 2817 969 2893 <or>ud<a>
983 2820 1011 2874 A
1025 2820 1143 2889 (litteus

127 2891 159 2944 ia
176 2905 231 2945 rua.
247 2890 311 2944 add.
326 2888 377 2958 Al)
449 2895 474 2944 8.
490 2893 514 2944 9.
530 2903 623 2942 susus
639 2889 782 2943 metiaA³
795 2891 828 2944 iu
844 2906 900 2947 rus.
974 2895 1017 2947 lo
1032 2889 1143 2960 aliquot

127 2961 168 3015 A¹
192 2976 261 3017 corr.
314 2959 439 3014 habeant
460 2959 502 3015 A¹
524 2958 631 3014 habent
648 2959 689 3014 A’
761 2967 803 3016 11.
823 2961 853 3014 et
874 2966 938 3016 aute
960 2961 1055 3017 notior
1077 2963 1143 3018 add.

127 3030 168 3085 A*
232 3037 274 3086 12.
294 3046 411 3112 quorum
429 3032 470 3085 A¹
489 3046 556 3133 capr,
626 3030 1144 3136 Ι14.(111121111111])11111111111εςσζίρεί

127 3103 465 3245 1111ἒὲ1ῗῖἓῖῗὲζῖᾎῄ
480 3103 648 3242 (iltuil’inis⁸
662 3103 796 3228 itta.
810 3101 1142 3243 lddadd‘bssras

128 3244 249 3325 Pariter
322 3250 363 3298 17.
387 3259 452 3298 acre
474 3245 505 3298 A
524 3243 630 3296 haere
655 3244 811 3299 Pintiuuus
885 3250 928 3301 21.
952 3244 1078 3314 adtingit
1099 3245 1141 3298 A¹

127 3316 246 3384 attmgit
267 3312 310 3369 A¹
384 3320 429 3369 21.
453 3319 495 3370 22.
520 3314 669 3368 contentus
691 3316 720 3368 A
792 3320 834 3370 23.
854 3321 896 3371 22
921 3331 1076 3384 amansque
1099 3315 1141 3368 A¹

118 3401 300 3506 {imusque
323 3383 366 3439 A⁸
437 3390 481 3440 26.
509 3383 592 3438 imbri
613 3385 640 3439 A
665 3383 813 3440 Cimbris
884 3385 998 3440 teutoni
1017 3388 1045 3439 A
1068 3384 1140 3439 Teu-
