2512 3824
126 164 148 225 4
474 160 654 216 ΡΟΜΡΟΝΠ
671 161 797 217 sintin

76 341 107 389 12
128 329 257 409 centur,
289 347 391 410 usque
425 324 466 390 ad
498 322 653 409 Caspium
685 324 792 390 sinum
824 325 1001 408 possident.
1055 327 1147 394 Indis

127 414 277 498 proxima
300 418 351 479 est
368 412 500 497 Ariane,
523 412 637 478 deinde
656 412 736 478 Aria
759 417 792 478 et
811 410 961 479 Cedrosis
986 417 1019 479 et
1036 414 1147 483 Persis

128 502 169 567 ad
193 502 299 567 sinum
321 501 488 568 Persicum
511 523 583 566 aaa.
627 501 714 567 hune
741 503 855 587 populi
877 500 1051 568 Persarum
1079 527 1147 570 am·

126 590 230 674 biunt,
253 591 348 656 illum
367 592 506 656 alterum
524 589 662 656 Arabes.
707 590 748 655 ab
771 590 823 656 his
841 591 928 674 quod
945 591 981 656 in
998 591 1147 660 Africam

127 683 231 744 restat
254 680 453 764 Aethiopum
477 682 535 744 est.
580 678 650 744 illic
674 677 829 763 Caspiani
851 677 982 764 Scythis
1004 682 1147 765 proximi
1175 699 1189 740 ⁵

128 769 234 834 sinum
253 766 410 854 Caspium
427 769 570 853 cingunt.
615 768 703 832 ultra
721 767 902 834 Amazones
921 768 1072 854 ultraque
1091 793 1146 836 eas

75 874 109 924 13
128 857 332 942 Hyperborei
349 878 420 922 esse
438 859 670 922 memorantur.
706 857 866 921 interiora
882 860 1044 923 terrarum
1062 860 1146 925 mul·

127 951 180 1011 tae
204 947 377 1030 variaeque
406 948 518 1031 gentes
541 945 707 1028 habitant,
734 944 878 1010 Gandari
900 949 933 1009 et
955 945 1090 1012 Pariani
1112 952 1147 1013 et

126 1035 252 1120 Bactri,
284 1032 453 1119 Sugdiani,
484 1032 791 1117 Pharmacotrophi,
821 1031 1016 1119 Chomarae,
1043 1033 1147 1101 Choa-

128 1125 226 1208 mani,
248 1123 499 1208 Propanisadae,
521 1122 636 1187 Dahae
659 1144 756 1206 super
779 1119 916 1206 Scythas
935 1121 1188 1207 Scytharum-10

129 1234 191 1297 que
216 1207 354 1295 deserta,
377 1233 415 1277 ac
438 1233 534 1294 super
552 1209 707 1293 Caspium
730 1210 838 1275 sinum
860 1208 1001 1295 Comari,
1023 1209 1146 1278 Massa»

128 1304 238 1386 gatae,
265 1299 399 1384 Cadusi,
427 1298 586 1384 Hyrcani,
612 1297 743 1380 Hiberi,
775 1319 871 1382 super
899 1297 1083 1366 Amazonas
1112 1305 1146 1366 et

126 1389 357 1474 Hyperboreos
390 1385 572 1472 Cimmerii,
609 1384 780 1471 Cissianti,
816 1385 955 1473 Achaei,
992 1386 1146 1475 Georgili,

127 1477 271 1562 Moschi,
289 1476 455 1560 Cercetae,
478 1475 659 1559 Phoristae,
681 1474 886 1559 Rimphaoes,
910 1480 1009 1562 atque
1031 1477 1088 1542 ubi
1110 1479 1146 1543 in

126 1570 241 1632 nostra
263 1566 368 1632 maria
390 1568 515 1631 tractus
539 1564 664 1630 excedit
682 1562 829 1648 Matiani,
852 1564 1008 1631 Tibareni
1032 1570 1064 1631 et
1086 1588 1145 1631 no·
1160 1580 1186 1622 1⁶

128 1657 214 1721 tiore
231 1656 298 1720 iam
316 1655 447 1720 nomina
464 1653 562 1738 Medi,
578 1651 734 1737 Armenii,
753 1650 972 1740 Commageni,
990 1653 1145 1736 Murrani,

127 1743 258 1828 Vegeti,
286 1741 508 1828 Cappadoces,
535 1741 753 1826 Gallograeci,
781 1741 960 1826 Lycaones,
987 1741 1143 1826 Phryges,

78 1849 111 1898 14
130 1831 269 1916 Pisidae,
290 1831 404 1914 Isauri,
426 1828 520 1915 Lydi,
539 1827 744 1914 Syrocilices.
789 1852 901 1896 rursus
924 1851 963 1894 ex
985 1829 1037 1895 his
1061 1850 1144 1912 quae

129 1920 297 1986 meridiem
312 1922 461 2005 spectant
474 1940 528 1980 aaa
542 1917 736 2002 eaedemque
750 1924 864 2004 gentes
877 1919 1033 1985 interiora
1046 1917 1145 1984 litora

128 2013 239 2076 tenent
265 2031 367 2094 usque
399 2007 440 2073 ad
473 2009 579 2072 sinum
605 2006 780 2075 Persicum.
829 2028 927 2092 super
954 2006 1040 2073 huno
1069 2012 1145 2074 sunt
1158 2023 1185 2064 2⁰

128 2099 243 2164 Parthi
271 2102 304 2163 et
325 2097 465 2182 Assyrii,
494 2118 590 2180 super
613 2096 706 2162 illum
735 2097 873 2162 alterum
896 2095 1085 2182 Babylonii,
1112 2101 1146 2163 et

131 2209 227 2272 super
249 2186 431 2269 Aethiopas
455 2185 620 2271 Aegyptii.
665 2184 746 2267 ripis
769 2183 839 2249 Nili
867 2186 972 2250 amnis
1002 2190 1035 2252 et
1062 2186 1146 2251 mari

131 2275 279 2360 proxima
300 2274 389 2339 idem
406 2273 564 2359 Aegyptii
586 2271 762 2357 possident.
807 2272 922 2338 deinde
945 2272 1069 2340 Arabia
1092 2296 1146 2339 an-

130 2368 228 2450 gusta
255 2362 363 2428 fronte
392 2362 560 2446 sequentia
588 2361 686 2426 litora
714 2359 866 2444 adtingit.
912 2362 954 2425 ab
983 2383 1144 2447 sausque

130 2453 171 2518 ad
193 2454 311 2518 flexum
338 2451 430 2516 illum
458 2471 554 2536 quem
573 2470 676 2534 ‚supra
701 2449 889 2514 rettulimus
913 2447 1023 2536 Syria,
1051 2455 1084 2516 et
1110 2450 1147 2515 in
1160 2462 1186 2505 ²⁵

129 2542 201 2625 ipso
229 2541 314 2606 flexu
342 2538 469 2622 Cilicia,
501 2543 593 2603 extra
620 2541 729 2604 autem
756 2537 857 2623 Lycia
884 2541 917 2603 et
944 2537 1146 2624 Pamphylia,

130 2627 241 2712 Caria,
268 2629 376 2711 Ionia,
403 2627 527 2712 Aeolis,
558 2627 660 2694 Troas
688 2649 790 2711 usquo
818 2627 860 2691 ad
886 2625 1146 2711 Hellespontum.

131 2719 172 2782 ab
196 2739 234 2782 eo
262 2715 398 2801 Bithyni
427 2718 503 2781 sunt
530 2715 571 2780 ad
597 2715 773 2780 Thracium
800 2715 1014 2799 Bosphorum.
1059 2714 1146 2779 circa

130 2806 272 2872 Pontum
300 2805 424 2889 aliquot
451 2804 565 2888 populi
593 2804 658 2870 alio
687 2803 815 2887 alioque
845 2803 909 2868 fine
941 2823 1005 2867 uno
1032 2823 1144 2867 omnes

202 2952 228 3001 2.
248 2944 356 3001 ariatne
374 2945 416 2998 A¹
434 2942 549 2998 ariadne
568 2942 609 2996 Al
627 2940 730 2997 Ariane
748 2942 895 2997 Barbarae
967 2947 992 2996 3.
1016 2942 1146 2998 lmwaam

127 3023 192 3087 post
208 3015 352 3071 Persicum
369 3016 506 3071 babeat
522 3013 649 3070 Bursian
717 3018 741 3068 t.
762 3011 854 3081 scythi
872 3011 900 3066 A
977 3018 1001 3067 9.
1021 3011 1146 3068 snbsiani

133 3087 162 3141 A
177 3086 313 3156 Sugdiani
331 3087 442 3142 Vossius
497 3091 540 3143 10,
558 3100 678 3155 ropanes
697 3087 725 3138 A
739 3083 792 3138 Pro
813 3082 947 3138 anisadae
965 3084 1093 3140 Bursian

134 3165 175 3213 13.
196 3157 263 3211 cisei
281 3156 428 3212 anthiacac
447 3156 475 3209 A
494 3154 638 3225 Cissianti,
655 3154 762 3210 Achaei
802 3156 890 3211 osaias
963 3161 1005 3210 14.
1025 3154 1145 3210 corsitac

131 3229 160 3283 A
176 3227 307 3283 Cercetae
323 3229 477 3283 Pintiaaas
551 3233 590 3281 15.
609 3225 680 3280 mati
698 3225 857 3280 antibarani
875 3226 903 3280 A
916 3225 1043 3293 Matiani,
1063 3223 1144 3279 riba

132 3300 194 3353 rani
208 3299 373 3356 Reebaoldius
429 3304 470 3352 16.
485 3296 616 3368 armenis!
627 3297 654 3351 A
669 3298 736 3365 (fait
749 3295 769 3367 i)
825 3303 866 3354 19.
881 3298 1017 3354 aormalla
1035 3297 1068 3350 de
1080 3296 1146 3350 siaa

133 3370 256 3427 Arabico
270 3373 345 3427 dicta
358 3369 557 3426 interciderunt
614 3373 658 3422 22.
672 3367 811 3450 aegyptis]
823 3367 851 3422 A
918 3374 961 3423 28.
975 3365 1102 3436 proximo
1117 3365 1145 3419 A

206 3447 248 3496 28.
267 3440 373 3497 bithini
391 3440 432 3494 A²
450 3437 563 3508 bithyni
581 3437 622 3492 A*
694 3443 737 3492 29.
756 3438 813 3493 alra
832 3438 872 3492 A¹
891 3437 947 3491 alio
966 3437 1007 3490 A’
