2512 3824
431 196 612 254 GHOROGR.
632 196 659 251 II
679 204 693 253 1
713 200 805 268 (Η)
1085 197 1128 262 29

107 361 235 426 modice
253 359 413 445 paulatim
429 381 463 425 se
482 360 555 443 ipsa
568 359 716 445 fastigat,
733 363 767 424 et
782 361 876 444 quasi
893 361 928 425 in
941 382 1130 426 mucronem

110 451 211 535 longa
243 448 400 533 colligens
432 448 536 514 latera
566 448 650 513 facie
677 447 777 533 positi
806 448 893 513 ensis
919 449 1048 514 adfecta
1072 455 1130 515 est.

110 537 259 603 Achilles
286 536 407 601 infesta
433 537 538 602 classe
565 558 655 602 mare
683 535 856 602 Ponticum
886 537 1054 622 ingressus
1083 539 1131 604 ibi
1232 594 1237 600 .

110 626 236 691 ludicro
268 625 444 690 certamine
478 626 657 691 celebrasse
689 625 873 710 victoriam,
909 628 942 690 ct
978 647 1052 691 cum
1088 627 1129 692 ab

83 714 212 780 tarmis
253 714 345 798 quies
387 717 458 779 erat
499 736 533 779 se
570 736 608 779 ac
648 735 724 778 suos
766 735 862 780 cursu
902 714 1131 780 exercitavisse

111 808 320 868 memoratur.
370 803 444 868 ideo
472 802 560 868 dicta
587 805 638 867 est
665 802 807 868 Dromos
835 801 1012 868 Achilleos.
1059 806 1166 870 tuma

112 891 335 976 Borysthenes
354 895 486 976 gentem
505 892 555 957 sui
572 891 716 958 nominis
735 892 848 974 adluit,
871 893 958 957 inter
976 889 1131 976 Scythiae

112 1002 224 1046 amnes
254 980 516 1065 amoenissimus,
543 979 684 1046 turbidis
713 980 787 1045 aliis
815 980 1051 1064 liquidissimus
1077 979 1131 1044 de-

112 1069 199 1154 fluit,
231 1069 389 1152 placidior
421 1091 520 1154 quam
552 1069 651 1134 ceteri
682 1069 854 1153 potarique
884 1069 1131 1153 pulcherrimus.

73 1159 175 1224 malit
207 1158 389 1224 laetissima
420 1159 542 1242 pabula
573 1177 773 1242 magnosque
806 1157 911 1240 pisces
949 1158 1066 1242 quibus
1099 1161 1132 1222 et

113 1248 257 1332 optimus
299 1269 397 1330 sapor
434 1252 467 1311 et
506 1247 599 1311 nulla
634 1268 710 1311 ossa
752 1250 837 1311 sunt.
895 1247 994 1330 longe
1032 1247 1132 1328 venit,

113 1336 301 1420 ignotisque
330 1339 421 1400 ortus
445 1356 462 1399 e
484 1335 645 1419 fontibus,
674 1335 893 1420 quadraginta
915 1335 1040 1399 dierum
1069 1335 1132 1400 iter

113 1425 207 1489 alveo
236 1423 385 1507 stringit,
412 1425 569 1508 tantoque
597 1424 704 1507 spatio
731 1423 930 1507 navigabilis
956 1423 1132 1487 secundum

114 1510 390 1595 Borysthenidam
419 1516 453 1577 et
480 1511 615 1595 Olbian,
645 1511 770 1577 Graeca
792 1511 928 1594 oppida,
961 1511 1133 1596 egreditur.

73 1619 99 1661 ιε
114 1597 315 1684 Callippidas
333 1599 483 1684 Hypanis
506 1600 653 1664 includit.
699 1621 738 1663 ex
757 1600 874 1684 grandi
893 1599 1011 1682 palude
1030 1601 1133 1664 oritur
1153 1616 1168 1664 τ

114 1711 211 1772 quam
243 1693 383 1753 matrem
411 1689 480 1754 eius
510 1689 639 1754 accolae
667 1689 851 1772 appellant,
883 1691 916 1752 et
943 1688 998 1753 diu
1026 1689 1132 1773 qualis

113 1781 209 1843 natus
235 1781 286 1843 est
304 1777 425 1843 defluit.
471 1777 604 1842 tandem
627 1798 694 1841 non
713 1777 811 1862 longe
831 1799 851 1840 a
868 1777 953 1840 mari
973 1799 1013 1842 ex
1031 1798 1132 1860 paruo

112 1865 204 1930 fonte
224 1867 277 1931 cui
294 1865 482 1950 Exampaeo
503 1885 685 1950 cognomen
708 1869 759 1931 est
778 1865 858 1931 adeo
883 1887 1012 1931 amaras
1032 1888 1133 1950 aquas

115 1955 242 2039 accipit,
259 1958 297 2018 ut
315 1955 386 2038 ipse
407 1976 533 2038 quoque
552 1955 618 2019 iam
637 1955 688 2018 sui
707 1953 878 2018 dissimilis
893 1957 926 2019 et
943 1976 1010 2018 non
1029 1954 1133 2019 dulcis

73 2061 101 2102 ro
114 2041 192 2107 hinc
210 2042 338 2106 defluat.
375 2041 511 2107 Asiaces
529 2042 697 2126 proximus
717 2042 803 2106 inter
821 2039 1022 2126 Callippidas
1040 2042 1134 2107 Asia·

114 2151 232 2216 casque
246 2130 419 2196 descendit.
456 2131 517 2196 hos
537 2131 578 2196 ab
593 2129 748 2195 Histricis
763 2130 850 2215 Tyra
864 2135 1007 2215 separat3
1027 2131 1134 2215 surgit

112 2220 147 2284 in
174 2218 308 2305 Neuris,
341 2241 406 2304 qua
437 2219 506 2285 exit
538 2219 589 2285 sui
620 2219 762 2284 nominis
795 2218 950 2302 oppidum
983 2219 1133 2305 adtingit.

114 2314 149 2374 at
176 2308 233 2373 ille
271 2309 326 2393 qui
353 2307 509 2393 Scythiae
535 2309 675 2392 populos
704 2330 724 2372 a
758 2307 968 2392 sequentibus
998 2308 1168 2393 dirimit,8

115 2398 238 2481 apertis
253 2397 288 2462 in
303 2397 481 2463 Germania
494 2397 650 2481 fontibus,
670 2397 735 2461 alio
751 2417 850 2480 quam
868 2396 988 2460 desinit
1000 2396 1134 2460 nomine

74 2503 101 2544 so
115 2486 267 2550 exoritur.
313 2508 389 2550 nam
416 2508 475 2569 per
501 2486 659 2551 immania
685 2505 875 2569 magnarum
903 2485 1051 2568 gentium
1078 2485 1134 2549 diu

114 2571 285 2638 Danuvius
308 2578 367 2657 est,
391 2573 505 2639 deinde
529 2574 626 2639 aliter
648 2595 722 2639 eum
746 2572 989 2657 adpellentibus
1013 2573 1132 2639 accolis

113 2661 153 2726 fit
181 2661 308 2747 Hister,
336 2663 550 2748 acceptisque
572 2663 698 2748 aliquot
727 2662 890 2746 amnibus,
920 2663 1038 2747 ingens
1066 2664 1133 2728 iam

115 2758 148 2816 et
171 2772 284 2816 eorum
308 2752 363 2835 qui
386 2751 421 2816 in
439 2751 471 2817 N
473 2755 597 2816 ostrum
620 2773 709 2817 mare
731 2751 884 2816 decidunt
906 2755 1036 2816 tantum
1054 2751 1132 2816 Nilo

116 2840 237 2924 minor,
264 2840 402 2905 totidem
430 2844 510 2924 quot
532 2841 590 2905 ille
605 2841 727 2924 ostiis,
757 2840 813 2904 sed
836 2840 941 2904 tribus
970 2840 1134 2922 tenuibus,

75 2945 103 2986 ao
116 2928 251 3013 reliquis
273 2929 517 3014 navigabilibus
541 2929 656 2994 effluit.
700 2928 835 3013 ingenia
857 2928 1028 3010 cultusque
1054 2943 1163 3012 gen-9

188 3109 212 3156 2.
228 3102 339 3156 adlecta
348 3103 503 3161 A¹allecta
511 3102 553 3156 A*
562 3100 677 3156 adfecta
685 3102 814 3158 Bursian
863 3108 886 3158 7.
901 3099 1042 3157 adluitA¹
1052 3101 1135 3154 alluit

115 3171 157 3226 A’
216 3180 240 3229 8.
259 3173 412 3244 turbidislll
424 3174 452 3228 A
512 3179 553 3229 10.
572 3171 727 3228 laetissime
751 3172 779 3226 A
838 3178 879 3229 15.
899 3171 986 3243 gandi
1004 3172 1032 3225 A
1093 3178 1134 3228 17.

114 3245 226 3301 tantum
239 3245 267 3298 A
281 3245 396 3301 taudem
408 3263 429 3301 c
494 3250 535 3300 18.
551 3245 706 3332 examphqo
720 3243 749 3301 A
763 3243 923 3314 Exampaeo
937 3244 965 3298 J.
981 3243 1136 3299 &occutus

170 3340 212 3389 21.
228 3333 392 3416 desecendit
406 3334 433 3387 A
482 3349 552 3458 pyra
565 3333 593 3387 A
608 3335 712 3403 Tyren
768 3341 810 3389 22.
826 3331 1005 3414 adtingitA¹
1019 3330 1137 3401 attingit

115 3404 158 3458 A’
220 3411 262 3461 26.
283 3405 420 3460 danubius
438 3405 466 3459 A
511 3405 628 3460 anuvius
646 3406 746 3474 scripsi
799 3402 1020 3473 adpellentibus
1041 3402 1078 3450 n*
1096 3415 1152 3459 as-

115 3475 289 3545 pellantibus
307 3475 349 3530 A¹
421 3483 463 3533 27.
484 3475 597 3548 aliquot
616 3477 657 3533 Αι
677 3493 751 3534 corr.
823 3481 878 3529 uu„
894 3474 973 3540 quen
995 3468 1032 3519 A*
1054 3478 1136 3515 esee.
