2512 3824
132 154 174 217 14
480 151 658 208 POMPONII
674 152 800 209 MELAE

129 316 239 400 habet,
256 316 343 382 intus
360 337 464 401 paene
486 316 739 383 innumerabiles
758 316 837 400 vias,
859 315 972 382 multis
996 316 1142 402 ambagi-

128 405 190 470 bus
217 405 281 470 huc
309 407 342 471 et
369 405 446 471 illuc
473 404 707 489 remeantibus,
735 405 790 470 sed
813 405 968 471 continuo
996 404 1142 471 anfractu

130 497 164 558 et
186 515 292 577 saepe
309 494 471 560 revocatis
494 493 676 578 porticibus
699 493 871 577 ancipites:
900 493 1016 579 quibus
1040 492 1141 560 aliurn

130 603 226 666 super
249 583 332 649 alios
356 583 468 649 orbem
496 582 684 667 agentibus,
713 585 746 647 et
773 581 909 648 subinde
937 586 1067 649 tentum
1093 603 1142 647 re·

130 670 248 737 deunte
274 671 359 736 flexu
391 674 548 756 quantum
579 672 794 755 processerat,
826 690 945 756 magno
977 673 1011 737 et
1044 671 1141 755 expli·
1169 689 1182 729 s
1226 730 1227 736 ,

76 778 109 828 87
130 759 264 825 cabilit
249 763 361 841 tamen
384 781 491 825 errore
509 760 681 861 perplexus
706 762 765 825 est.
809 759 877 824 cult
862 762 951 825 tores
973 759 1143 845 regionum

129 848 233 914 multo
254 838 363 915 aliter
395 869 415 913 a
446 851 496 913 cet
497 848 561 913 eris
594 853 704 933 agunt.
758 852 904 914 mortuos
936 848 1014 914 fimo
1047 846 1144 912 obliti

128 936 303 1021 plangunt:
330 956 389 1001 nec
412 957 555 1002 cremare
582 940 640 1002 aut
660 935 770 1002 fodere
797 935 848 1002 fas
871 939 1004 1021 putant,
1035 957 1143 1001 verum

129 1029 200 1090 arte
218 1023 395 1091 medicatos
413 1025 500 1090 intra
517 1025 698 1109 penetralia
716 1023 896 1090 conlocant.
937 1024 1005 1089 suis
1023 1023 1143 1088 litteris

128 1134 279 1195 perverse
302 1117 447 1179 utuntur
496 1113 603 1179 lutum
624 1114 712 1179 inter
733 1133 862 1198 manus,
883 1106 1024 1178 farinam
1048 1111 1183 1176 calci-1⁰

129 1198 189 1265 bns
214 1200 378 1286 subigunt
422 1201 530 1268 forum
553 1224 591 1268 ac
612 1203 745 1287 negotia
770 1200 925 1285 feminae,
952 1200 1014 1266 viri
1041 1221 1143 1283 pensa

129 1308 167 1353 ac
202 1288 317 1354 domus
353 1294 480 1374 curant,
516 1312 615 1357 onera
650 1291 726 1356 illae
757 1290 881 1356 umeris
912 1288 948 1354 hi
979 1287 1141 1373 capitibus

129 1376 306 1462 accipiunt;
331 1381 483 1462 parentes
512 1400 586 1444 cum
613 1383 723 1464 egent,
750 1379 818 1444 illis
841 1399 972 1446 necesse
999 1381 1064 1462 est,
1089 1376 1141 1441 his

128 1463 269 1531 liberum
297 1471 347 1533 est
379 1467 474 1533 alere.
524 1467 615 1534 cibos
646 1468 758 1553 pelam
788 1471 822 1534 et
848 1471 943 1535 extra
968 1469 1057 1533 tecta
1084 1487 1143 1531 sua

76 1575 110 1624 58
129 1554 275 1640 capiunt,
247 1556 456 1622 tobscena
494 1557 621 1622 intimis
662 1557 790 1624 aedium
825 1557 974 1623 reddunt
1033 1556 1144 1620 colunt
1157 1568 1182 1610 1⁵

129 1640 255 1727 effigies
287 1645 372 1709 mult
357 1647 466 1710 torum
499 1646 751 1712 animalinmt
717 1649 813 1728 etque
839 1645 914 1730 ipsa
940 1645 1045 1728 magis
1077 1643 1143 1706 ani·

128 1731 240 1811 malie,
267 1731 325 1796 sed
353 1732 419 1796 alia
447 1733 516 1797 alii:
546 1732 691 1797 adest
654 1736 691 1797 ut
718 1732 875 1815 quaedam
903 1752 1014 1796 eorum
1042 1730 1142 1794 etiam

129 1993 287 2060 sollemne
318 1994 370 2063 sit
419 1995 502 2082 Apis
532 1996 728 2082 populorum
756 1929 900 2063 cmAium
927 2017 1048 2062 numen
1079 1999 1142 2062 est:
1157 2010 1183 2050 20

128 2082 189 2148 bos
224 2084 319 2169 niger
350 2085 448 2151 certis
479 2086 616 2150 maean
647 2085 786 2170 insignis
818 2089 852 2150 et
882 2085 984 2151 cauda
1016 2085 1142 2170 lingua·

129 2192 191 2253 que
219 2171 387 2236 dissimilis
415 2173 562 2237 alierum.
611 2192 687 2242 raro
713 2174 860 2239 nascitur
885 2194 945 2239 nec
971 2173 1059 2238 coitu
1090 2194 1143 2256 pe-

129 2258 234 2342 cudis,
266 2262 303 2323 ut
330 2259 435 2343 aiunt,
467 2259 522 2324 sed
550 2259 706 2325 divinitus
734 2264 767 2325 et
797 2261 930 2326 caelesti
961 2261 1038 2346 igne
1070 2281 1142 2325 con-

129 2351 253 2432 ceptus,
275 2347 407 2433 diesque
431 2369 494 2432 quo
516 2347 661 2434 gignitur
684 2348 775 2434 genti
797 2348 937 2414 maxime
955 2347 1059 2413 festus
1084 2353 1142 2413 est.

76 2454 109 2504 cs
129 2436 194 2521 ipsi
215 2436 433 2503 vetustissimi
459 2439 497 2503 ut
518 2436 707 2522 praedicant
728 2437 896 2503 hominum
922 2440 1085 2503 trecentos
1110 2442 1143 2502 et
1156 2449 1182 2490 2⁶

128 2524 268 2608 triginta
285 2547 379 2612 reges
398 2529 474 2592 ante
491 2525 651 2612 Amasim,
674 2531 708 2591 et
726 2547 824 2612 supra
841 2526 995 2593 tredecim
1014 2526 1142 2592 milium

130 2633 288 2679 annorum
312 2617 436 2679 aetates
455 2615 553 2680 certis
572 2615 744 2681 annalibus
762 2614 915 2698 referunt,
938 2615 1142 2680 mandatum-

129 2720 191 2784 que
210 2700 332 2766 littsris
351 2705 492 2786 servant,
467 2701 591 2768 tdnm
608 2703 768 2788 Aegyptii
786 2705 873 2804 sunt,
896 2707 1012 2786 quater
1030 2724 1141 2768 cursus

129 2809 205 2854 suos
227 2792 300 2854 vert
300 2788 364 2855 isse
392 2789 497 2855 sidera
520 2810 558 2854 ac
580 2790 684 2856 solem
706 2790 795 2856 bis
785 2813 852 2856 ram
875 2790 1030 2856 occidisse
1056 2792 1141 2857 unde

76 2895 111 2946 ao
128 2898 214 2944 nunc
246 2877 358 2944 oritur.
406 2877 527 2963 viginti
558 2879 649 2944 mitia
680 2878 810 2944 urbium
836 2877 952 2945 Amasi
983 2885 1123 2966 regnant
1124 2903 1141 2946 e
1108 2885 1182 2946 111

129 2965 369 3032 habitaruntt
336 2970 369 3032 et
386 2988 471 3033 nunc
485 2966 604 3032 multas
618 2966 777 3033 habitant.
815 2989 926 3033 earum
940 2967 1141 3035 clarissimae

321 3140 423 3211 quibus
436 3142 501 3198 add.
515 3140 543 3194 A
561 3133 680 3196 subinde
698 3158 749 3198 cm
769 3141 881 3198 Vossius
952 3149 977 3199 8.
993 3143 1142 3199 conlocant

127 3213 169 3270 A¹
193 3228 267 3268 ccc
250 3214 336 3268 ocant
356 3212 399 3266 A’
474 3216 516 3267 18.
575 3217 601 3268 ct
622 3210 682 3266 illis
705 3213 770 3269 add.
793 3214 822 3268 A
843 3212 1008 3270 mulieribus
1031 3212 1142 3269 scilicet

128 3299 179 3340 cm
196 3301 215 3340 c
287 3289 329 3339 18.
348 3281 498 3352 adqueA¹
515 3297 533 3336 a
564 3281 662 3338 ueA¹
735 3288 776 3339 18.
795 3282 1065 3354 inprudentiamA¹
1086 3283 1138 3336 im-

127 3352 367 3482 pru‹thqulatiamadcqt²¹
439 3358 482 3410 24.
501 3350 631 3423 gignitur
651 3353 693 3409 A¹
711 3370 779 3411 cerr.
853 3360 895 3412 28.
914 3353 1032 3426 aegypti
1049 3354 1077 3408 A

128 3429 163 3478 80
369 3443 386 3481 v
