2512 3824
400 161 582 220 orroeooe.
602 165 614 218 1
636 171 659 222 1.
678 170 694 219 2
714 166 824 234 (4—11)
1103 164 1123 229 3

107 330 267 392 terrarum
290 327 376 394 iacet
399 326 525 393 efreto
549 326 591 391 ed
613 347 652 390 ea
669 326 804 391 flumine
827 327 868 391 eh
892 327 996 393 altero
1020 327 1124 393 latere

107 414 253 518 Africam
280 437 446 500 vocamus,
474 415 515 481 ab
540 416 643 481 altero
666 410 834 499 Europen,
863 416 948 480 ultra
972 416 1125 501 quioquid

107 508 159 570 est
181 503 425 658 lhsiibdssthano
454 615 471 658 e
498 593 647 677 partibus
673 592 785 676 tangit
812 613 964 676 oceanus,
990 594 1039 658 ito
1066 574 1164 700 n0·92

82 680 250 746 sminibus
273 685 311 746 ut
334 681 415 748 loeis
434 681 593 767 differens,
614 680 704 747 Eous
728 681 769 745 ab
792 681 927 764 oriente,
950 704 970 746 a
992 682 1125 747 meridie

108 768 251 854 Indicus,
283 793 303 835 a
335 770 555 854 septentrione
589 768 772 854 Scythicus.
823 771 896 854 ipsa
927 770 1056 856 ingenti
1087 791 1125 837 ao

108 861 264 942 perpetua
291 858 398 924 fronte
425 881 520 926 verse
547 859 587 924 ad
615 857 773 927 orientem
800 863 929 924 tantum
956 858 1003 923 ibi
1032 879 1066 924 se
1089 859 1126 923 in

108 946 314 1012 latitudinem
333 947 467 1013 effundit
486 951 644 1032 quantum
657 945 789 1032 Europe
806 951 840 1012 et
857 947 970 1012 Africa
987 950 1020 1012 et
1038 946 1125 1032 quod

108 1035 195 1102 inter
216 1035 331 1101 ambas
352 1037 488 1122 pelagus
511 1037 685 1102 inmissum
708 1039 766 1102 est.
812 1035 887 1102 inde
911 1057 983 1101 cum
1003 1036 1127 1120 aliqua·

68 1128 202 1191 rotenus
232 1125 336 1191 solida
362 1125 534 1210 prooessit,
563 1148 602 1191 ex
631 1124 690 1191 illo
713 1145 834 1191 oceano
862 1146 957 1209 quem
980 1123 1126 1190 Indicum

108 1213 263 1299 diximus,
294 1212 472 1280 Arabicum
503 1235 594 1280 mare
626 1217 660 1279 et
687 1213 866 1298 Persicum,
899 1235 938 1278 ex
970 1210 1125 1297 Scythico

108 1298 263 1386 Caspium
286 1303 417 1387 recipit,
440 1306 474 1368 et
496 1302 651 1386 ideoque
673 1300 790 1385 recipit
809 1302 988 1386 angustior,
1011 1322 1125 1366 rursus

109 1390 312 1474 expanditur,
331 1394 365 1456 et
377 1391 416 1456 fit
432 1394 503 1456 tam
521 1391 591 1459 lata
608 1411 705 1476 quam
722 1389 837 1455 fuerat.
875 1389 949 1455 dein
968 1412 1040 1455 eum
1059 1390 1126 1454 iam

109 1478 144 1542 in
172 1499 266 1544 suum
292 1478 390 1544 finem
417 1479 616 1564 aliarumque
643 1483 806 1545 tenerum
830 1478 969 1543 confinia
997 1478 1127 1542 devenit

70 1584 97 1626 re
110 1566 219 1631 media
231 1567 354 1632 nostris
373 1567 567 1652 aequoribus
583 1567 751 1650 excipitur,
769 1566 895 1650 reliqua
909 1566 1011 1630 altero
1027 1587 1126 1631 cornu

107 1655 218 1740 pergit
235 1655 276 1720 ad
293 1653 406 1722 Nilum
425 1656 529 1722 altero
548 1654 590 1720 ed
604 1655 739 1723 Tanain.
774 1675 832 1720 ora
850 1654 920 1719 eius
939 1675 1012 1719 eum
1032 1654 1124 1720 alveo
1145 1670 1178 1720 ιο

107 1742 177 1810 Nili
195 1743 299 1808 amnis
318 1744 399 1828 ripis
418 1744 585 1810 descendit
602 1744 637 1809 in
651 1743 797 1828 pelagus,
816 1747 849 1808 et
868 1742 923 1808 diu
943 1743 1028 1808 sicut
1045 1742 1126 1808 illud

108 1831 230 1897 incedit
247 1832 296 1898 ita
314 1855 374 1900 sua
391 1833 493 1900 litora
510 1833 664 1918 porrigit,
683 1831 758 1897 dein
771 1831 810 1896 fit
827 1831 972 1898 venienti
986 1831 1126 1914 obviam,

110 1923 143 1984 et
159 1920 302 2004 primum
325 1944 359 1987 se
377 1922 503 2008 ingenti
522 1922 649 1987 ambitu
666 1921 830 2004 incurvat,
852 1925 929 2004 post
948 1941 982 1984 se
1000 1919 1127 2005 ingenti

69 2026 96 2068 so
109 2006 217 2072 fronte
232 2007 273 2075 ad
286 2007 567 2093 Hellesponticum
584 2009 705 2073 fretum
720 2008 880 2091 extendit3
898 2009 940 2074 ab
955 2029 993 2073 eo
1008 2008 1126 2073 iterum

111 2095 245 2180 obliqua
264 2096 305 2161 cd
322 2095 539 2181 Bosphorum,
556 2097 675 2163 iterum
693 2096 876 2180 iterumque
895 2095 936 2160 ad
953 2095 1126 2160 Ponticum

110 2185 197 2251 latus
221 2207 326 2270 curva,
350 2185 474 2252 aditum
492 2185 674 2252 Maeotidos
697 2188 884 2251 transverso
903 2184 1051 2270 margine
1071 2184 1125 2250 ad·

108 2274 220 2359 tingit,
237 2275 343 2358 ipsam
362 2275 486 2360 gremio
505 2273 546 2340 ad
559 2273 684 2340 Tanain
702 2295 803 2357 usque
822 2274 980 2356 conplexa
997 2273 1036 2339 fit
1053 2273 1126 2357 ripa

110 2385 174 2447 qua
202 2362 323 2428 Tanais
350 2367 408 2429 est.
453 2363 489 2429 in
517 2385 554 2430 ea
580 2364 704 2446 primos
731 2363 900 2428 hominum
929 2362 970 2426 ab
999 2362 1177 2427 orientem

70 2469 96 2510 ss
110 2451 286 2535 accipimus
313 2451 411 2518 Indos
441 2456 475 2516 et
502 2449 598 2517 Seras
631 2455 664 2516 et
696 2448 843 2534 Scythas.
894 2448 986 2523 Seres
1018 2449 1127 2514 media

110 2537 211 2603 ferme
238 2538 328 2605 ane
354 2539 459 2623 partis
490 2539 650 2623 incolunt,
677 2538 751 2603 Indi
779 2543 807 2603 et
833 2536 964 2622 Scythae
995 2537 1125 2602 ultima:

111 2626 207 2693 ambo
226 2627 292 2692 lete
309 2630 458 2711 patentes
471 2647 576 2711 neque
594 2627 630 2691 in
647 2627 708 2693 hoo
721 2629 850 2692 tantum
868 2626 1004 2713 pelagus
1023 2625 1125 2693 effusi.

110 2719 259 2800 spectant
290 2714 376 2780 enim
404 2715 503 2782 etiam
530 2714 699 2781 meridiem
725 2713 814 2800 Indi,
841 2736 995 2800 oramque
1021 2714 1127 2781 Indici

110 2804 223 2890 maris,
250 2805 316 2870 nisi
343 2804 449 2890 quoad
477 2808 586 2870 aestus
609 2804 856 2870 inhabitabilem
885 2803 1042 2889 efficiunt,
1071 2803 1127 2868 diu
1222 2885 1226 2899 Ι

71 2911 97 2951 eo
111 2893 271 2959 continuis
290 2894 442 2979 gentibus
456 2897 626 2977 occupant.
664 2896 812 2977 spectant
826 2896 860 2958 et
874 2893 1126 2977 septentrionem

112 2977 266 3066 Scythae,
293 3003 331 3046 ao
353 2982 431 3047 litus
456 2979 658 3066 Scythicum,
684 2982 749 3048 nisi
771 2981 856 3046 unde
878 2979 1054 3066 frigoribus
1078 3001 1127 3044 ar·

183 3161 208 3209 2.
222 3161 286 3236 post
299 3154 430 3225 Europen
449 3156 513 3211 odd.
528 3155 569 3210 A'
587 3157 619 3211 irs
636 3171 722 3228 moro
736 3155 868 3223 inferiore
885 3153 922 3208 ad
939 3153 1008 3210 nile.
1028 3151 1124 3208 africa

110 3225 147 3280 ad
160 3227 266 3280 tanam.
282 3241 406 3296 europen
423 3242 466 3282 om
484 3226 526 3280 A¹
597 3233 622 3282 2.
637 3233 662 3282 3.
678 3234 703 3281 4.
718 3225 856 3300 (ultra-
872 3225 988 3299 tan>git
1001 3225 1029 3280 A
1101 3231 1125 3279 6.

111 3296 255 3367 schytious
268 3295 297 3351 A
368 3302 393 3352 8.
413 3295 593 3352 altitudinem
610 3298 639 3352 A
711 3303 753 3353 23.
771 3296 836 3368 ipsa
853 3295 881 3350 A
899 3296 910 3350 i
930 3312 991 3352 sam
1015 3294 1127 3351 Vossius

163 3371 232 3424 tana
282 3367 311 3422 A
330 3366 447 3437 ooplexa
464 3368 492 3423 A
546 3374 589 3424 26.
609 3371 640 3423 et
658 3367 780 3437 Scythae
794 3373 860 3439 post
878 3314 942 3421 Indi
960 3367 1024 3424 odd.
1043 3367 1127 3424 editio

110 3457 136 3495 a.
155 3445 228 3496 1477
233 3369 369 3496 Ilienses
384 3440 516 3509 separa

956 3517 997 3568 Χῆ-
