2512 3824
129 178 174 244 44
476 176 656 234 POMPONII
673 176 799 232 nabau

130 341 285 407 Paestum
305 342 469 426 oppidum,
484 340 608 407 Silerus
628 330 744 425 amnis,
757 339 915 419 Picentia,
931 339 1048 406 Petrae
1064 361 1147 425 quas

130 430 257 496 Sirenes
289 431 495 514 habitarunt,
527 429 692 494 Minervae
725 429 1003 513 promunturium,
1035 431 1149 497 omnia

78 537 110 586 το
129 517 291 584 Lucaniae
319 519 406 604 loca;
433 519 524 584 sinus
551 517 765 602 Puteolanus,
792 515 1001 602 Syrrentum,
1024 516 1149 585 Hercu·

8 689 10 694 .
130 607 273 692 laneum,
295 607 432 674 Vesuuii
454 607 576 672 montis
600 606 784 690 adspectus,
806 605 955 692 Pompei,
979 605 1149 693 Neapolis,

129 695 272 781 Puteoli,
299 696 390 762 lacus
413 694 570 763 Lucrinus
595 699 629 761 et
650 696 814 778 Auernus,
839 693 954 779 Baiae,
976 693 1149 782 Misenum,
1175 715 1188 757 r

130 784 164 850 id
185 806 272 849 nunc
295 785 361 850 loci
380 784 557 868 aliquando
576 781 714 869 Phrygii
732 783 848 848 militis
865 803 994 868 nomen,
1016 781 1150 870 Cumae,

129 872 307 957 Liternum,
320 872 501 938 Volturnus
516 873 632 956 amnis,
644 871 844 938 Volturnum
858 871 1025 956 oppidum,
1043 895 1150 938 amoe-

77 981 109 1030 71
129 983 174 1026 na
210 959 410 1046 Campaniae
445 961 565 1044 litora3
602 958 776 1044 Sinoessa,
811 959 917 1043 Liris,
952 959 1149 1048 Minturnae,

127 1049 292 1134 Formiae,
321 1049 441 1135 Fundi,
471 1049 661 1132 Tarracina,
689 1046 798 1114 Circes
825 1049 939 1114 domus
972 1049 1148 1133 aliquando

65 1160 69 1167 ¹
129 1136 264 1221 Circeia,
277 1138 424 1222 Antium,
435 1137 680 1222 Aphrodisium,
692 1135 810 1221 Ardea,
823 1136 1032 1223 Laurentum,
1050 1137 1147 1205 Ostia
1161 1157 1186 1199 rr

77 1245 109 1294 72
129 1226 213 1290 citra
231 1227 377 1290 Tiberim
398 1228 432 1290 in
455 1227 518 1292 boe
540 1227 642 1292 latere
666 1230 751 1291 sunt
795 1226 884 1291 ultra
900 1226 1013 1312 Pyrgi,
1035 1226 1150 1312 Minio,

130 1311 283 1378 Castrum
300 1336 432 1392 nouum,
449 1313 633 1399 Graviscae,
656 1311 753 1398 Cosa,
770 1313 938 1397 Telamon,
955 1313 1149 1401 Populonia,

129 1401 257 1486 Oeeina,
280 1401 386 1488 Pisae,
403 1403 544 1469 Etrusca
562 1406 595 1468 et
612 1404 685 1468 loca
704 1406 739 1466 et
755 1403 902 1486 fiumina3
919 1403 1036 1468 deinde
1054 1402 1149 1470 Lama

128 1490 286 1576 Ligurum
309 1496 343 1558 et
360 1491 491 1578 Tigulia
514 1497 547 1557 et
566 1491 680 1558 Genua
698 1494 731 1556 et
750 1489 885 1556 Sabatia
908 1495 941 1556 at
963 1490 1147 1578 Albingau-

128 1602 221 1667 num3
238 1585 309 1646 tum
326 1581 430 1648 Paulo
451 1585 484 1646 et
500 1580 625 1646 Varum
643 1580 778 1645 flumina
795 1583 932 1664 utraque
950 1580 992 1644 ab
1007 1580 1148 1665 Alpibus
1162 1599 1187 1642 rs

130 1668 275 1753 delapsa,
293 1669 350 1734 sed
363 1669 489 1735 Varum
507 1670 584 1754 quia
603 1668 736 1734 Italiam
754 1669 828 1734 finit
847 1669 1015 1753 aliquanto
1028 1671 1148 1736 notius.

76 1776 109 1824 13
128 1756 231 1840 Alpes
259 1759 351 1840 ipsae
379 1759 420 1822 ab
448 1759 500 1822 his
527 1758 680 1822 litoribus
708 1757 808 1842 longe
839 1758 968 1841 lateque
1000 1757 1148 1842 diffusae,

128 1845 1148 2002 111111111113211011121411{lintulittt

130 2022 267 2105 abeunt,
302 1955 536 2108 diremptisqub
572 1984 704 2108 pop⁷ulis
740 1956 944 2105 inmabibus,
977 2044 1082 2108 usque
1112 2025 1147 2090 in
1161 2045 1187 2086 ro

129 2110 303 2176 Thraciam
325 2116 506 2195 penetrant.

89 2181 110 2244 5
219 2198 328 2264 Gallia
350 2199 515 2264 Lemanno
543 2201 618 2264 lacu
645 2203 678 2264 et
702 2199 896 2265 Cebennicis
923 2200 1088 2266 montibus
1112 2201 1148 2266 in

77 2257 111 2305 74
129 2286 194 2350 duo
221 2287 327 2352 latera
354 2287 472 2370 divisa,
501 2292 599 2372 atque
627 2289 729 2353 altero
758 2288 900 2354 Tuscum
926 2289 1061 2373 pelagus
1089 2289 1147 2353 ad-

128 2376 260 2460 tingens
283 2375 387 2442 altero
411 2397 577 2460 oceanum,
599 2376 653 2440 hic
677 2399 698 2442 a
719 2375 809 2442 Varo
832 2377 903 2442 illio
926 2400 950 2443 a.
966 2375 1079 2442 Rheno
1104 2377 1146 2442 ad

128 2463 334 2547 Pyrenaeum
356 2487 458 2551 usque
479 2466 690 2550 permittitur.
734 2485 814 2549 pars
834 2465 958 2531 Nostro
983 2464 1066 2530 mari
1089 2466 1145 2531 ad·
1160 2485 1187 2528 aa

128 2553 237 2634 posita
258 2553 336 2636 (fuit
357 2554 533 2638 aliquando
555 2553 697 2620 Bracata
725 2575 811 2620 nunc
834 2550 1075 2640 Narbonensis)
1097 2558 1148 2619 est

129 2641 235 2724 magis
264 2642 351 2706 culta
377 2646 410 2707 et
437 2643 544 2729 magis
572 2644 698 2709 consita
725 2643 864 2727 ideoque
890 2642 991 2708 etiam
1018 2642 1145 2708 laetior.

77 2745 110 2796 75
129 2727 259 2792 urbium
283 2750 364 2812 quas
386 2730 487 2796 habet
510 2732 778 2814 opulentissimae
802 2735 877 2796 sunt
895 2730 999 2796 Vasio
1017 2728 1145 2796 Vocon·

201 2891 224 2941 1.
244 2886 371 2954 presturn
388 2885 416 2939 A
434 2885 567 2940 Paestum
584 2904 600 2942 u
672 2894 697 2942 3.
716 2892 741 2941 4.
760 2886 977 2942 herculanacum
995 2886 1023 2941 A
1041 2886 1146 2942 Hercu·

127 2956 240 3012 laneum
257 2973 275 3012 o
346 2963 371 3012 4.
395 2956 545 3027 adspectus
564 2957 604 3011 A¹
623 2959 753 3027 aspectus
772 2957 813 3011 A'
886 2964 911 3014 5.
930 2959 960 3012 et
977 2972 1097 3012 avernus
1118 2955 1146 3012 A

129 3029 247 3092 (litteras
272 3029 303 3082 et
327 3043 393 3083 aver
420 3029 484 3084 odd.
513 3027 553 3082 A’
580 3030 613 3084 ba
639 3030 731 3099 spatio
757 3032 855 3098 caum)
927 3037 952 3086 9.
976 3027 1079 3084 formio
1105 3028 1147 3083 A¹

128 3096 245 3152 formiae
258 3097 301 3151 A³
353 3097 448 3154 fundit
461 3099 489 3153 A
502 3098 625 3154 Pundio
697 3104 738 3156 10.
758 3099 911 3153 arodisium
924 3098 966 3154 A¹
980 3097 1146 3154 afrodisium

128 3167 168 3222 A’
243 3175 284 3223 11.
307 3168 373 3224 anio
396 3170 424 3224 A
447 3169 536 3225 Minio
561 3171 706 3226 Olrrrera'as
781 3175 822 3224 12.
846 3170 1001 3240 grabusoae
1023 3171 1052 3225 A
1074 3170 1143 3226 Gra·

128 3239 223 3295 vircac
236 3239 384 3296 Barbarae
438 3248 479 3298 11.
494 3241 646 3295 nomiuaA
659 3240 774 3295 flumina
789 3240 933 3298 Clanarius
988 3248 1030 3298 14.
1044 3241 1147 3312 ligulia

128 3311 156 3363 A
184 3309 297 3381 Tigulia
327 3328 348 3366 u
431 3318 471 3368 14.
501 3318 542 3368 11.
576 3312 774 3367 albineaunum
801 3312 830 3366 A
913 3319 954 3368 19.
982 3312 1147 3382 attigerunt

127 3381 169 3505 ἔ
191 3381 349 3506 ῗὲῇςθωιιὲ
372 3382 413 3438 A’
489 3389 532 3439 25.
555 3398 707 3452 pyreneum
731 3383 760 3436 A
832 3390 875 3442 28.
898 3396 983 3439 vasco
1007 3382 1146 3440 Avario

156 3468 189 3506 ar
207 3469 275 3508 arao
