2512 3824
140 185 185 251 54
486 182 665 241 POMPONII
682 182 808 239 MELAE

140 349 258 413 haeum
291 349 325 410 et
356 345 508 411 Pelorida
539 345 742 411 Panhormus
775 350 808 414 et
839 345 987 429 Himera,
1019 344 1159 409 interius

100 456 102 459 ·
140 456 218 500 vero
251 432 405 500 Leontini
441 437 474 498 et
510 431 758 518 Centuripinum
794 438 828 499 et
863 432 974 518 Hybla
1011 432 1159 517 aliaeque

140 523 325 624 conplures,
352 523 476 589 famam
502 522 604 623 habet
632 523 673 587 ob
697 520 825 624 Cereris
852 521 1012 605 templum
1040 519 1160 587 Henna

79 610 863 783 1¹⁹tilttipdtffltdtltbtdtttt,
884 610 1185 782 ttz'dltutt

140 786 303 872 Cyclopas
321 788 402 853 olim
421 788 507 870 tulit,
529 809 615 853 nunc
634 787 778 853 adsiduis
797 787 928 870 ignibus
949 785 1078 872 flagrat.
1120 787 1161 852 de

141 877 291 942 amnibus
315 875 451 941 Himera
472 875 674 959 referendus,
700 877 777 960 quia
799 877 833 941 in
855 875 962 940 media
985 875 1158 940 admodum

140 969 231 1030 ortus
255 965 290 1031 in
318 965 446 1030 diversa
470 963 625 1046 decurrit,
652 964 867 1048 scindensque
897 985 968 1028 eam
996 964 1161 1047 utrimque

139 1053 204 1119 alio
235 1075 290 1118 ore
318 1053 354 1119 in
381 1051 541 1137 Libycum
570 1051 635 1117 alio
662 1052 698 1116 in
726 1052 867 1117 Tuscum
894 1073 984 1117 mare
1016 1051 1159 1117 devenit.

79 1158 129 1208 120
138 1141 225 1207 circa
266 1139 410 1207 Siciliam
451 1141 486 1205 in
522 1138 632 1206 Siculo
673 1140 756 1206 freto
799 1143 849 1205 est
884 1139 1010 1224 Aeaee,
1056 1162 1154 1224 quam
1170 1158 1197 1199 ιο

141 1226 285 1311 Calypso
321 1229 488 1294 habitasse
525 1229 657 1312 dieitur,
695 1227 842 1294 Africam
878 1250 992 1294 versus
1026 1225 1159 1312 Gaulos,

138 1315 264 1400 Melita,
287 1314 438 1400 Cossum,
460 1317 594 1400 propius
616 1317 749 1382 Italiam
772 1316 906 1400 Calata,
929 1320 963 1381 et
985 1317 1063 1381 illae
1087 1339 1158 1400 sep-

139 1409 207 1470 tem
230 1426 310 1489 quas
334 1404 431 1471 Aeoli
455 1404 621 1489 adpellant
644 1404 814 1490 Osteodes,
836 1406 964 1489 Lipara,
986 1404 1158 1488 Heraclea,

139 1492 291 1577 Didyma,
313 1492 530 1577 Phoenicusa,
553 1515 592 1558 ac
615 1493 699 1559 sicut
720 1493 830 1559 Aetna
856 1496 1012 1578 perpetuo
1034 1493 1156 1577 flagrat

77 1600 127 1648 121
139 1582 215 1666 igne
242 1581 345 1648 Hiera
376 1585 409 1647 et
432 1579 619 1667 Strongyle.
664 1586 715 1648 set
741 1583 930 1666 Pithecusa,
962 1580 1156 1664 Leucothea,
1171 1597 1198 1640 1⁵

139 1669 292 1754 Aenaria,
315 1668 463 1754 Sidonia,
486 1669 640 1755 Capreae,
662 1670 838 1756 Prochyta,
861 1670 1012 1753 Pontiae,
1034 1669 1159 1736 Panda·

140 1759 239 1842 teria,
268 1757 415 1842 Sinonia,
442 1757 608 1823 Palmaria
634 1758 750 1825 Italico
775 1759 872 1824 lateri
900 1759 982 1824 eitra
1004 1757 1160 1824 Tiberina

77 1863 127 1912 122
139 1846 226 1912 ostia
258 1845 416 1912 adiacent.
470 1846 557 1911 ultra
585 1846 711 1931 aliquot
742 1851 818 1912 sunt
848 1869 967 1931 parvae
994 1845 1160 1932 Dianium,

141 1933 288 2020 igilium,
314 1932 490 2018 Carbania,
519 1933 624 2020 Urgo,
646 1934 730 2020 Ilva,
759 1935 928 2020 Capraria,
955 1935 1038 2001 duae
1061 1956 1158 2021 gran·

140 2023 198 2089 des
225 2023 373 2108 fretoque
402 2023 537 2108 divisae,
569 2045 706 2108 quarum
734 2023 868 2090 Corsica
895 2023 986 2089 litori
1015 2024 1159 2108 propior,
1175 2041 1205 2083 20

139 2111 225 2179 iuter
253 2113 358 2178 latera
380 2112 488 2178 tenuis
517 2116 551 2177 et
573 2112 686 2198 longa,
714 2117 942 2197 praeterquam
967 2112 1024 2177 ubi
1046 2111 1160 2177 Aleria

77 2216 127 2264 123
139 2203 173 2263 et
196 2198 344 2265 Mariana
368 2199 515 2265 coloniae
539 2202 616 2265 sunt
639 2222 659 2265 a
681 2201 830 2265 barbaris
854 2201 985 2266 colitur:
1009 2197 1159 2267 Sardinia

139 2284 291 2354 Adricum
312 2288 449 2372 pelagus
477 2286 663 2372 adtingens,
689 2289 755 2353 nisi
784 2289 870 2372 quod
895 2289 932 2353 in
959 2289 1159 2354 occidentem

139 2397 239 2460 quam
262 2376 297 2441 in
322 2376 481 2442 orientem
504 2377 676 2460 angustius
700 2381 837 2463 spectat,
859 2399 920 2461 par
943 2380 977 2442 et
999 2377 1160 2461 quadrata

139 2464 281 2548 undique
308 2468 341 2530 et
368 2485 529 2548 nusquam
560 2486 627 2530 non
658 2465 823 2549 aliquanto
852 2465 1027 2550 spatiosior
1057 2487 1157 2550 quam
1170 2478 1198 2522 2⁶

139 2551 196 2616 ubi
222 2552 417 2636 longissima
445 2555 497 2616 est
524 2551 671 2637 Corsica,
704 2557 846 2620 ceterum
877 2553 996 2619 fertilis
1027 2558 1061 2618 et
1094 2554 1158 2619 soli

138 2660 237 2722 quam
274 2640 356 2707 caeli
395 2640 553 2725 melioris,
590 2645 687 2726 atque
723 2645 761 2709 ut
795 2641 934 2709 fecunda
968 2641 1017 2706 ita
1051 2663 1156 2726 paene

211 2818 236 2866 4.
256 2811 411 2882 praecipua
428 2811 457 2867 A
473 2811 656 2883 praecipuam
674 2814 838 2871 Giccoouias
890 2831 959 2882 eryx
975 2815 1017 2869 A²
1035 2831 1104 2872 corr.

139 2887 165 2937 5.
185 2882 290 2938 aethna
310 2882 351 2937 A¹
370 2884 454 2936 aetna
471 2882 512 2937 A*
566 2891 591 2939 6.
610 2883 736 2939 adsiduis
754 2885 796 2938 A²
818 2883 939 2938 assiduis
963 2885 1005 2939 A‘
1058 2884 1160 2954 flagrat

138 2953 180 3007 A¹
200 2971 269 3010 corr.
343 2960 367 3009 9.
388 2952 508 3008 maxime
532 2954 561 3008 A
583 2971 660 3009 mare
678 2973 699 3010 cr
771 2961 812 3010 10.
833 2971 882 3009 eae
905 2955 934 3009 A
956 2958 1049 3010 Aeaee
1067 2973 1088 3010 a

139 3030 181 3082 11.
201 3024 300 3083 caulos
318 3023 347 3079 A
361 3024 466 3081 Gaulos
480 3024 628 3081 Barbarus
681 3032 723 3080 13.
743 3024 834 3080 aceoli
852 3026 880 3079 A
933 3027 1053 3081 herecee
1070 3026 1099 3080 A

139 3100 181 3154 15.
210 3095 366 3164 stroneyles
394 3096 424 3151 et
450 3095 479 3150 A
504 3095 653 3165 Strongyle
682 3098 726 3151 set
751 3098 853 3166 serpsi
930 3103 971 3153 16.
1001 3112 1102 3167 caprae
1130 3098 1158 3150 A

138 3164 263 3236 Capreae
278 3182 299 3223 e
348 3166 483 3233 corcytha
495 3166 524 3220 A
537 3166 678 3234 Prochyta
689 3183 711 3222 n
766 3174 807 3222 17.
822 3167 963 3237 pennatis
976 3168 1004 3222 A
1018 3167 1159 3222 Palmaria

139 3237 291 3297 Raram
363 3241 405 3291 18.
424 3235 560 3291 iacentA
578 3236 708 3292 adiacent
721 3239 822 3307 scripsi
893 3245 937 3295 20.
951 3240 1033 3296 verbo
1048 3238 1157 3293 corsica

137 3308 249 3363 etrusco
263 3313 328 3377 post
342 3304 450 3361 divisae
464 3308 551 3363 deieci
585 3323 636 3378 pro
657 3307 715 3362 rior
728 3308 769 3361 A¹
786 3307 903 3379 propior
916 3308 956 3364 A'
997 3311 1159 3380 ratperta

136 3377 284 3498 AffiAlerie
301 3377 455 3501 llssodioaco
537 3385 579 3434 22.
604 3325 729 3436 mioniae
757 3378 786 3433 A
867 3386 910 3436 23.
934 3380 1084 3450 adtingens
1116 3380 1159 3436 A¹

134 3462 155 3497 a
191 3465 283 3515 agens
