2512 3824
353 194 536 250 ouoeocn.
554 195 572 248 1¹
588 201 630 250 11.
651 201 693 250 12.
712 200 745 250 1a
765 196 893 264 (ca-u)
1088 192 1133 258 17

111 361 223 445 viisque
243 358 338 423 Darii
361 361 527 442 spectator
550 379 588 423 ac
608 357 713 442 testis,
734 378 821 422 nunc
843 379 884 422 ne
906 357 1043 424 minima
1066 359 1133 442 qui-

115 449 199 530 dem,
222 452 301 512 tunc
320 447 448 531 ingenti
470 446 550 510 urbe
569 446 714 511 celebris.
758 445 847 511 Issos
866 445 942 530 fuit,
965 450 999 512 et
1015 447 1078 512 bac
1096 469 1132 513 re

118 537 209 602 sinus
227 534 349 600 Issicus
368 535 496 600 dicitur.
532 535 645 618 procul
668 533 743 600 inde
761 533 962 600 Hammodes
980 557 1132 620 promun-

113 625 239 690 turium
260 625 346 689 inter
363 623 543 709 Pyramum
562 620 775 707 Cydnumque
793 621 910 688 fluvios
928 623 1023 689 iacet.
1067 624 1130 708 Py·

85 729 225 778 ⁶ramus
247 712 318 778 Isso
341 713 475 797 propior
497 711 624 777 Mallon
644 711 859 796 praeterfluit,
888 709 1021 795 Cydnus
1043 713 1131 777 ultre

114 823 172 886 per
200 800 340 866 Tarsum
367 801 444 866 exit.
495 800 610 866 deinde
642 801 721 866 urbs
754 804 805 866 est
837 800 917 866 olim
946 823 966 866 a
992 800 1130 865 Rhodiis
1150 816 1184 866 τι

114 889 324 974 Argivisquc,
346 894 423 974 post
440 889 557 973 piratis
575 889 733 974 Pompeio
757 888 951 974 adsignante
969 910 1132 975 possessa,

113 999 199 1043 nunc
217 978 461 1062 Pompeiopolis
480 981 558 1043 tunc
577 976 684 1044 Soloe.
720 977 813 1043 iuxta
831 978 866 1043 in
883 1000 985 1062 parvo
1004 979 1131 1044 tumulo

114 1066 210 1133 Arati
237 1071 354 1152 poetae
382 1067 618 1132 monimentum
640 1066 714 1132 ideo
737 1066 956 1150 referendum,
984 1068 1060 1151 quia
1082 1067 1131 1152 ig-

74 1173 100 1213 10
114 1159 228 1222 notum
255 1178 353 1240 quam
381 1156 422 1221 ob
451 1177 582 1221 causam
609 1155 697 1220 iacta
723 1155 760 1219 in
786 1156 820 1220 id
850 1177 929 1220 saxa
956 1155 1132 1222 dissiliunt.

114 1266 179 1310 non
206 1246 305 1329 longe
331 1244 408 1308 hino
436 1241 578 1328 Corycos
608 1244 763 1329 oppidum
794 1247 892 1329 portu
919 1244 1051 1329 satoque
1083 1245 1131 1310 in-

114 1334 270 1417 cingitur,
297 1335 437 1417 angusto
461 1337 591 1416 tergore
614 1333 793 1398 continenti
820 1332 988 1398 adnexum.
1034 1355 1132 1418 supra
1152 1347 1186 1396 ⁷2

116 1442 230 1503 specus
249 1423 300 1485 est
317 1421 448 1485 nomine
463 1419 619 1506 Corycius
638 1422 798 1506 singulari
816 1422 958 1506 ingenio,
978 1443 1014 1486 ac
1034 1444 1132 1506 supra

116 1530 214 1592 quam
231 1511 268 1573 ut
285 1509 424 1573 describi
442 1508 538 1574 facile
552 1511 659 1594 possit
678 1510 823 1574 eximius.
856 1509 973 1593 grandi
990 1531 1131 1592 namque

76 1611 102 1653 1⁵
115 1595 208 1661 hiatu
235 1601 351 1680 patens
375 1600 521 1662 montem
547 1599 638 1662 litori
661 1598 848 1682 adpositum
871 1601 906 1661 et
933 1596 1045 1662 decem
1068 1601 1132 1662 sta-

115 1684 244 1750 diorum
272 1685 354 1751 olivo
384 1685 465 1751 satie
489 1687 624 1751 arduum
654 1707 693 1750 ex
715 1708 842 1752 summo
871 1686 983 1751 statim
1011 1687 1131 1751 vertice

116 1774 230 1857 aperit
275 1778 354 1840 tune
371 1775 437 1839 alte
457 1775 617 1840 demissus
636 1778 670 1839 et
688 1778 847 1860 quantum
865 1774 1048 1839 demittitur
1066 1797 1133 1840 am-

114 1862 200 1945 plior
227 1863 311 1928 viret
340 1864 424 1928 lucis
456 1864 672 1948 pendentibus
704 1863 860 1948 undiquc,
894 1866 928 1928 et
957 1867 1065 1929 totum
1097 1885 1132 1928 se

114 1972 287 2016 nemoroso
320 1951 461 2017 laterum
489 1953 569 2018 orbe
601 1953 829 2036 conplectitur:
862 1952 943 2017 adeo
975 1953 1131 2017 mirificus

74 2055 102 2095 2⁰
116 2060 154 2103 ac
172 2039 316 2122 pulcher,
334 2043 371 2104 ut
390 2044 515 2104 mentes
536 2041 758 2105 accedentium
777 2041 884 2124 primo
904 2043 1038 2123 aspectu
1057 2061 1131 2104 con·

115 2130 249 2211 sternat,
272 2128 329 2192 ubi
347 2128 563 2213 contemplari
581 2128 738 2194 duravere
756 2150 823 2193 non
842 2128 949 2193 satiet.
993 2149 1077 2192 unus
1096 2129 1132 2193 in
1151 2142 1185 2191 73

115 2237 189 2281 eum
217 2216 389 2282 descensus
420 2219 470 2282 est
497 2220 655 2304 angustus
688 2238 782 2302 asper
813 2218 1068 2303 quingentorum
1098 2221 1131 2283 et

114 2305 204 2370 mille
232 2327 388 2389 passuum
414 2328 474 2390 per
502 2328 655 2372 amoenas
682 2307 816 2371 umbras
845 2310 878 2371 ct
900 2327 1002 2391 opaca
1029 2307 1131 2372 silvae

115 2393 269 2477 quiddam
301 2399 432 2480 agreste
461 2396 660 2474 resonantis,
691 2396 772 2460 rivis
804 2395 880 2460 hinc
912 2398 1009 2477 atque
1041 2394 1130 2458 illinc

73 2493 101 2536 ²⁵
114 2481 327 2553 fluitanb'bus.
367 2483 424 2547 ubi
444 2482 485 2547 ad
503 2484 570 2548 ima
588 2486 780 2567 perventum
799 2486 850 2547 est
866 2503 997 2547 rursum
1016 2503 1130 2567 specus

115 2569 198 2634 alter
230 2570 374 2654 aperitur
401 2571 443 2635 ob
473 2571 538 2635 elia
566 2570 729 2637 dicendus.
779 2574 881 2636 terret
912 2571 1130 2654 ingredientes

114 2658 225 2723 sonitu
248 2659 475 2743 cymbalorum
498 2659 653 2726 divinitus
677 2663 710 2725 et
732 2680 851 2745 magno
875 2659 1005 2744 fragore
1027 2660 1130 2743 crepi-

113 2748 263 2813 tantium.
308 2747 423 2813 deinde
451 2748 651 2833 aliquamdiu
672 2749 876 2834 perspicuus,
902 2770 978 2815 mox
1006 2752 1039 2814 et
1066 2769 1130 2834 quo
1150 2761 1185 2813 ‘14

115 2837 222 2919 magis
246 2838 374 2902 subitur
396 2837 576 2922 obscurior,
600 2837 689 2916 ducit
712 2860 808 2903 ausos
832 2839 975 2922 penitus,
1002 2837 1131 2921 alteque
1240 2864 1242 2868 ·

76 2937 103 2978 ³0
118 2925 210 3006 quasi
243 2927 390 2992 cuniculo
423 2926 578 2992 admittit.
633 2926 680 2991 ibi
716 2927 831 3011 ingens
863 2926 967 2990 amnis
1004 2926 1131 3011 ingenti

117 3010 208 3075 fonte
237 3035 271 3078 se
304 3015 464 3080 extollens
495 3014 721 3080 tantummodo
754 3036 790 3080 se
819 3013 976 3097 ostendit,
1010 3017 1043 3078 et
1074 3014 1131 3078 ubi

187 3191 212 3241 5.
232 3184 310 3256 prior
326 3187 356 3240 A
374 3187 489 3269 propior
506 3205 523 3243 o
577 3188 740 3243 malosenen
758 3187 800 3242 A¹
822 3184 948 3242 malosen
965 3188 1007 3241 A’
1024 3185 1131 3239 Mallon

115 3256 263 3312 Barbaros
327 3262 350 3313 ἵ.
370 3257 538 3328 adsignante
557 3259 599 3314 A¹
617 3259 779 3331 assignente
798 3258 839 3313 Al
907 3264 950 3314 lo.
969 3255 1131 3327 adpositum

116 3328 157 3382 Α1
175 3328 338 3410 appositum
356 3328 397 3381 A*
452 3335 493 3384 ll.
513 3328 646 3384 dimissus
665 3332 693 3385 A
712 3329 880 3384 demissuso
935 3326 1090 3382 dimittitur
1104 3329 1132 3383 A

115 3398 275 3454 demittitur
297 3417 313 3454 o
392 3404 434 3453 19.
456 3416 604 3462 nemoroso
626 3402 668 3456 A¹
690 3417 759 3456 corr,
836 3406 880 3469 Μ,
903 3398 964 3453 illio
989 3399 1028 3452 A¹
1050 3397 1140 3449 illine

115 3469 157 3522 A¹
229 3476 271 3526 28.
291 3469 464 3539 aliquamdiu
483 3471 524 3525 A¹
543 3471 716 3542 aliquandiu
734 3471 773 3527 A*
846 3467 1019 3523 enitente
1041 3465 1072 3514 A

164 3569 306 3620 Pomponius
319 3569 388 3613 Molo.
991 3552 1019 3595 ἵ
