2512 3824
158 176 201 240 22
504 173 824 230 ronrounnumu

101 357 135 405 aa
154 341 259 406 latere
293 337 506 404 Antandrum.
560 337 679 421 duplex
711 359 808 402 causa
842 337 985 404 nominis
1021 339 1178 409 iactatur.

110 472 113 477 -
155 429 213 494 alii
230 425 409 493 Ascanium
427 426 557 492 Aeneae
579 425 683 491 filium
706 447 779 491 oum
793 425 845 490 vibi
867 429 1021 512 regnaret
1039 433 1177 513 captum

155 539 175 581 a
206 516 354 602 Pelasgis
388 539 425 582 ea
457 537 492 581 se
523 514 699 581 redemisse
731 520 1002 599 commemorant,
1038 517 1097 582 alii
1130 520 1176 585 ab

153 605 207 670 his
238 608 357 688 putant
387 604 552 671 conditam
586 624 667 687 quos
700 624 738 667 ex
769 603 882 668 Andro
914 604 1023 669 insula
1054 607 1105 671 ris
1139 613 1175 674 et

154 693 272 759 seditio
304 696 465 779 exegerat.
519 693 555 758 hi
587 691 793 757 Antandrum
828 691 921 776 quasi
956 714 1016 776 pro
1048 693 1218 781 Andro,u

101 797 134 846 aa
154 782 205 847 illi
243 782 336 866 quasi
367 803 427 865 pro
459 782 530 847 viro
562 780 665 864 accipi
699 780 824 846 volunt.
874 802 1010 865 sequens
1046 785 1175 851 tractus

152 870 263 955 tangit
295 869 442 956 Gargara
474 874 507 934 et
539 870 649 934 Asson
680 869 856 934 Aeolorum
893 869 1046 936 colonias.
1100 875 1175 940 tum

153 959 243 1024 sinus
271 959 357 1024 alter
382 958 538 1024 Achaeon
566 958 666 1022 limen
692 979 759 1023 non
785 959 883 1043 longe
912 958 953 1023 ab
980 958 1042 1024 Ilio
1070 960 1175 1026 litora

153 1048 312 1131 incurvat,
330 1048 410 1112 urbe
428 1047 517 1113 bello
537 1046 724 1131 excidioque
742 1047 932 1112 clarissima.
968 1047 1021 1112 bie
1036 1045 1173 1134 Sigeum

151 1136 216 1200 luit
242 1135 410 1220 oppidum,
436 1135 490 1200 hic
517 1135 718 1200 Achivorum
747 1135 811 1200 fuit
837 1135 1031 1201 bellantium
1058 1138 1171 1204 statio.
1188 1155 1214 1196 ιο

151 1223 215 1288 huo
252 1225 293 1288 ab
330 1224 427 1290 Idaeo
459 1228 572 1290 monte
607 1224 766 1288 demissus
800 1222 995 1289 Scamander
1031 1225 1099 1290 exit
1135 1232 1171 1292 et

100 1326 134 1376 94
154 1309 290 1394 Simois,
325 1312 415 1377 fama
451 1333 549 1396 quam
585 1316 704 1377 natura
739 1313 865 1377 maiora
900 1312 1044 1379 flumina
1095 1312 1168 1396 ipse

152 1422 262 1479 mons,
298 1405 408 1465 vetere
440 1400 588 1465 divarum
620 1400 795 1466 certamine
827 1404 860 1464 et
891 1401 1009 1467 iudicio
1041 1400 1168 1467 Paridis

151 1492 360 1573 memoratus,
384 1489 544 1554 orientem
563 1489 666 1554 solem
685 1489 782 1555 aliter
804 1511 902 1574 quam
920 1489 956 1554 in
978 1489 1052 1554 aliis
1070 1491 1169 1556 terris

152 1578 236 1642 solet
259 1578 362 1662 aspici
385 1581 540 1643 ostentat.
585 1600 724 1663 namque
747 1599 786 1642 ex
809 1599 936 1644 summo
958 1578 1079 1645 vertice
1098 1579 1168 1646 cius
1184 1593 1212 1636 1⁵

152 1666 394 1750 speculantibus
412 1687 515 1750 paene
534 1689 554 1732 a
572 1664 680 1731 m'edia
697 1671 792 1732 nocte
811 1667 917 1749 sparsi
934 1667 1027 1750 ignes
1045 1667 1172 1752 passim

151 1753 285 1837 micare,
312 1759 346 1818 et
373 1759 410 1819 ut
436 1755 493 1818 lux
521 1754 762 1838 adpropinquat
784 1754 833 1819 ita
860 1755 947 1820 coire
975 1777 1013 1821 ac
1036 1777 1071 1820 se
1094 1776 1170 1823 con·

151 1842 284 1926 iungere
307 1841 471 1925 videntur,
495 1841 596 1907 donec
618 1843 725 1927 magis
748 1843 917 1927 magisque
940 1844 1068 1910 collecti
1092 1866 1172 1930 pau·

152 1930 255 1995 ciores
280 1930 415 1996 subinde
439 1935 472 1996 et
494 1952 560 1995 una
582 1930 623 1995 ad
645 1933 847 2014 postremum
870 1931 1002 1998 flamma
1024 1932 1171 2000 audeant

96 2032 131 2082 aa
151 2040 189 2084 ea
216 2041 289 2084 cum
318 2019 372 2084 diu
400 2019 489 2085 clara
521 2024 554 2084 et
581 2019 731 2085 incendio
760 2019 877 2084 similis
909 2020 1044 2107 effulsit,
1077 2023 1168 2107 cogit
1182 2037 1212 2078 ⁸⁰

150 2130 185 2173 se
214 2129 251 2172 ac
277 2108 432 2173 rotundat
450 2112 494 2172 et
519 2108 558 2172 fit
585 2109 700 2192 ingens
728 2109 853 2193 globus.
902 2108 957 2173 diu
983 2110 1012 2174 is
1040 2131 1168 2195 quoque

150 2194 284 2278 grandis
321 2199 354 2260 et
378 2196 486 2260 terris
524 2195 667 2261 adnexus
704 2195 857 2281 adparet,
898 2197 972 2263 dein
1008 2199 1169 2282 paulatim

149 2283 336 2348 decrescens
366 2286 399 2348 et
427 2286 549 2368 quanto
577 2283 735 2350 decrescit
761 2306 799 2350 eo
833 2285 952 2351 clarior
983 2287 1079 2373 fugat
1110 2309 1168 2353 no-

149 2371 282 2437 vissime
305 2376 449 2456 noctem,
473 2376 506 2437 et
528 2393 603 2438 cum
625 2372 677 2438 die
701 2373 767 2437 iam
791 2373 840 2438 sol
863 2374 970 2440 factus
994 2375 1167 2441 attollitur.

97 2474 131 2523 96
151 2465 242 2525 extra
262 2461 370 2526 sinum
388 2465 465 2526 sunt
482 2459 630 2527 Rhoetea
648 2462 755 2546 litora,
766 2460 924 2527 'Rhoeteo
948 2468 983 2529 et
999 2462 1210 2530 Dardaniae

150 2549 246 2613 claris
283 2550 436 2633 urbibus,
472 2549 584 2615 Aiacis
620 2553 731 2615 tamen
767 2550 916 2634 sepulcro
948 2552 1087 2618 maxime
1119 2552 1169 2617 in·

149 2635 274 2700 lustria.
316 2637 357 2701 ab
380 2637 432 2702 his
455 2639 493 2701 fit
516 2639 618 2703 artius
642 2661 741 2722 mare,
763 2660 824 2704 nec
841 2639 908 2704 iam
931 2640 1034 2706 adluit
1052 2645 1168 2725 terras,

150 2723 206 2788 sed
235 2746 347 2790 rursus
380 2724 526 2790 dividens
559 2731 699 2811 angusto
730 2725 938 2811 Hellesponti
968 2729 1054 2796 freto
1087 2729 1167 2794 litus

150 2812 284 2880 obvium
319 2812 430 2896 findit,
466 2812 609 2898 facitque
641 2817 679 2880 ut
710 2816 829 2881 iterum
860 2819 967 2882 terrae
999 2839 1063 2904 qua
1094 2818 1168 2883 fluit

150 2901 254 2968 latera
278 2901 353 2967 sint.
1182 2920 1210 2962 ao

222 3099 247 3149 7.
267 3094 409 3168 asson<a>
428 3095 456 3150 A
474 3094 568 3149 Asson
585 3094 731 3150 Burburus
785 3095 930 3149 aeolorum
947 3096 989 3151 A¹
1007 3098 1165 3152 aetolorum

149 3161 190 3218 A¹
263 3170 288 3219 9.
307 3163 434 3234 sigaeum
452 3167 480 3220 A
553 3171 595 3221 1⁷.
610 3165 818 3235 adpropinquat
835 3166 877 3219 Al
895 3167 1105 3238 appropinquat
1122 3168 1165 3222 A¹

202 3241 246 3289 22.
261 3233 378 3305 adparet
392 3237 432 3290 A¹
451 3237 570 3306 apparet
588 3236 630 3290 A*
683 3241 725 3292 25.
745 3236 779 3289 rh
819 3236 883 3290 etea
895 3237 982 3292 litora
994 3239 1032 3312 a>
1046 3240 1165 3308 rhytaeo

148 3305 176 3358 A
195 3307 311 3374 (litteras
334 3308 366 3362 ia
383 3323 437 3362 rae.
457 3307 509 3375 A⁸)
528 3307 657 3361 Rhoetea
678 3306 764 3360 litora
782 3306 807 3359 R
829 3308 910 3363 oeteo
929 3308 1094 3366 Reiaoldica

148 3380 191 3497 {⁶2¹
212 3375 421 3504 seppllchpplAtl
434 3375 637 3503 qelpqurqtqti¹
700 3382 743 3502 app).
763 3383 811 3503 aqt
825 3376 966 3505 inluqtriiat
977 3381 1019 3434 A²
1041 3379 1167 3435 illustria

299 3487 304 3498 .
373 3465 402 3501 u1
494 3464 564 3502 aur
744 3464 859 3506 ,aera
935 3465 1048 3506 asnaa
