2512 3824
151 179 193 246 76
496 178 676 236 ΡΟΜΡΟΝΠ
693 178 819 235 MELAE

150 343 206 408 sed
234 346 419 408 commeatu
445 341 600 408 defecisse
625 346 808 408 memoratu
835 341 1021 425 rettulerat,
1048 344 1082 406 et
1104 339 1171 407 Eu·

149 431 251 496 dorus
274 429 405 516 quidam
429 453 564 497 avorum
581 434 768 497 nostrorum
791 429 992 514 temporibus
1016 450 1089 494 cum
1108 428 1170 494 La·

148 519 284 603 thynum
311 538 422 604 regem
448 518 666 585 Alexandriae
692 517 895 603 profugeret,
922 516 1065 583 Arabico
1096 517 1171 584 sinu

149 626 300 693 egressus
324 629 381 692 per
403 607 466 673 hoc
492 607 642 692 pelagus,
668 611 706 672 ut
727 605 839 690 Nepos
868 605 1032 689 adimat,
1060 603 1169 671 Gades

148 717 250 780 usque
273 699 444 781 pervectus
467 700 531 762 est:
554 696 627 762 ideo
652 696 721 761 eius
740 716 817 762 orae
834 698 932 759 notae
952 697 1028 759 sunt
1047 693 1201 779 aliquas

95 801 129 851 91
150 788 227 850 sunt
250 787 360 850 autern
382 787 474 849 trans
494 806 532 850 ea
552 805 634 868 quae
657 784 786 849 deserta
805 783 901 849 modo
920 782 1061 848 diximus
1084 783 1170 848 muti

148 872 264 958 populi
288 876 321 938 et
343 872 459 956 quibua
478 895 537 956 pro
562 873 690 957 eloquio
708 875 808 937 nutus
832 875 891 956 est,
915 870 970 936 alii
994 871 1064 936 sine
1087 893 1168 939 sono

148 961 289 1046 linguae,
307 961 364 1026 alii
379 961 448 1026 sine
462 960 594 1046 linguis,
609 961 666 1026 alii
679 960 782 1025 labris
797 960 897 1024 etiam
911 958 1169 1043 cohaerentibus,

148 1049 215 1114 nisi
247 1049 333 1134 quod
361 1049 420 1114 sub
452 1049 587 1115 naribus
620 1051 720 1115 etiam
752 1049 863 1113 fistula
896 1051 946 1113 est
978 1069 1036 1132 per
1069 1069 1168 1132 quam

148 1137 260 1202 bibere
284 1138 409 1222 avenis,
436 1142 470 1203 et
492 1159 566 1203 cum
589 1138 723 1204 incessit
745 1136 847 1202 hbido
871 1136 1035 1221 vescendi,
1064 1157 1169 1221 grana
1184 1154 1217 1195 lo

151 1226 282 1309 singula
298 1225 430 1311 frugum
452 1227 575 1310 passim
592 1226 796 1292 nascentium
815 1225 991 1291 absorbere
1010 1223 1170 1290 dicuntur.

96 1329 131 1380 92
150 1317 227 1377 9999
250 1313 368 1397 quibus
387 1317 462 1379 ante
486 1314 662 1379 adventum
680 1313 809 1380 Eudoxi
828 1313 909 1378 adeo
928 1314 1061 1398 ignotus
1080 1313 1170 1397 ignis

149 1400 228 1485 fuit,
251 1400 395 1486 adeoque
418 1403 508 1468 visus
532 1403 650 1468 mirum
672 1403 708 1467 in
730 1402 863 1467 modum
886 1401 1019 1486 placuit,
1041 1404 1079 1466 ut
1102 1423 1170 1465 am·

149 1490 251 1574 plecti
279 1490 377 1555 etiam
404 1491 553 1556 flammas
581 1495 615 1556 et
645 1490 791 1556 ardentia
819 1491 892 1555 sinu
922 1489 1039 1555 abdere
1067 1489 1171 1555 donec

96 1595 130 1646 93
150 1582 282 1644 noceret
295 1580 435 1645 maxime
450 1579 592 1644 libuerit.
616 1601 713 1664 super
727 1599 782 1644 eos
798 1578 931 1664 grandis
945 1577 1052 1642 litoris
1066 1577 1169 1643 flexus
1184 1593 1218 1636 rs

149 1667 307 1752 grandem
325 1668 467 1734 insulam
485 1667 632 1751 includit,
654 1668 689 1732 in
712 1689 776 1752 qua
793 1670 922 1733 tanturn
940 1665 1078 1731 feminas
1098 1687 1170 1732 esse

149 1759 287 1820 narrant
304 1758 376 1820 toto
396 1777 529 1838 corpore
547 1755 692 1820 hirsutas
712 1759 745 1820 et
764 1756 834 1820 sine
858 1755 946 1820 coitu
964 1776 1091 1820 marum
1110 1777 1171 1820 sua

85 1865 88 1875 ¹
150 1845 268 1925 sponte
296 1841 464 1927 fecundas,
492 1841 571 1908 adeo
601 1843 724 1927 asperis
751 1843 922 1927 efferisque
947 1843 1105 1926 moribus,
1133 1846 1171 1908 ut

151 1930 309 2014 quaedam
333 1931 493 1997 contineri
515 1953 557 1996 ne
579 1931 780 1997 reluctentur
797 1932 851 1996 vix
874 1931 1010 1996 vinculis
1031 1931 1171 2015 possint.

150 2017 214 2086 hcc
247 2018 366 2086 Hanno
398 2021 543 2103 rettulit,
580 2023 613 2085 et
644 2021 721 2105 quia
753 2021 900 2086 detracta
933 2020 1048 2086 occisis
1081 2023 1170 2086 coria
1183 2038 1218 2079 99

95 2125 131 2175 91
149 2109 330 2191 pertulerat
357 2109 437 2173 fides
464 2109 581 2174 habita
609 2113 666 2174 est.
712 2108 802 2175 ultra
827 2109 914 2173 hunc
941 2109 1047 2173 sinum
1075 2129 1170 2175 mons

150 2195 245 2278 altus,
263 2200 300 2260 ut
314 2196 430 2260 Graeci
444 2200 565 2261 vocant
581 2196 694 2261 Theon
708 2197 839 2281 ochema,
856 2197 1023 2281 perpetuis
1037 2197 1170 2281 ignibus

97 2299 132 2350 99
151 2282 280 2367 flagrat.
320 2284 408 2348 ultra
430 2287 576 2348 montem
593 2285 679 2349 viret
701 2285 792 2350 collis
811 2286 912 2370 longo
930 2288 1037 2351 tractu
1060 2285 1170 2371 longis

151 2371 304 2438 litoribus
319 2370 487 2457 obductus,
505 2372 589 2437 unde
603 2373 755 2438 visuntur
767 2376 917 2457 patentes
936 2373 1043 2457 magis
1062 2373 1170 2458 campi

149 2482 248 2543 quam
270 2464 307 2525 ut
324 2460 467 2545 perspici
489 2461 617 2545 possint
635 2461 762 2527 Panum
781 2459 1046 2546 satyrorumque.
1092 2462 1170 2527 hinc
1184 2479 1212 2522 99

149 2547 260 2630 opinio
280 2570 396 2614 causae
415 2549 512 2614 fidem
531 2551 627 2634 cepit,
651 2550 829 2634 quodcum
852 2551 888 2614 in
909 2550 962 2615 his
985 2549 1071 2616 nihil
1090 2550 1171 2616 culti

148 2636 202 2718 sit,
225 2636 335 2701 nullae
357 2637 578 2703 habitantium
603 2637 709 2722 sedes,
731 2639 824 2704 nulla
847 2637 1003 2723 vestigia,
1026 2638 1169 2704 solitudo

146 2722 182 2786 in
208 2722 293 2788 diem
316 2729 410 2790 vasta
434 2729 467 2791 et
486 2725 653 2792 silentium
671 2727 806 2806 vastius,
828 2729 924 2792 nocte
947 2727 1051 2793 crebri
1075 2727 1169 2812 ignes

219 2889 242 2936 1.
262 2881 433 2935 memoratur
451 2881 481 2935 et
503 2880 608 2935 tulerat
624 2881 666 2937 A¹
689 2884 807 2938 correxit
824 2882 866 2938 ΑΒ
939 2890 964 2939 2.
984 2890 1008 2940 3.
1030 2881 1171 2938 lathamin

61 2948 67 2959 ’
143 2953 172 3008 A
195 2952 351 3020 Lathyrum
372 2951 519 3007 Barbarae
594 2957 619 3006 4.
643 2952 774 3008 adfirmat
795 2955 837 3009 A¹
862 2953 986 3009 affirmat
1006 2954 1048 3009 A’
1126 2960 1170 3010 10.

144 3025 231 3077 avent
240 3022 291 3077 sed
300 3024 328 3077 A
339 3022 445 3090 avenis,
460 3024 490 3078 et
500 3022 667 3080 ciacconius
717 3031 758 3078 11.
768 3031 834 3094 post
844 3023 978 3080 dicuntur
991 3026 1171 3080 99999999έὲ99

143 3099 243 3163 septem
258 3095 414 3150 litterarum
468 3098 509 3148 15.
523 3094 620 3150 noceri
635 3095 663 3150 A
677 3097 826 3151 nocareto
881 3094 995 3150 licuerit
1007 3096 1036 3149 A
1054 3095 1173 3149 libuerit

143 3181 164 3219 a
238 3170 280 3219 17.
299 3181 408 3219 marum
430 3166 470 3219 sic
488 3166 516 3218 A
591 3171 632 3220 18.
657 3164 845 3238 effe<ris)que
869 3166 898 3220 A
921 3167 1038 3235 (litteras
1059 3167 1092 3220 ia
1112 3182 1171 3221 ras.

144 3235 208 3290 add.
228 3235 281 3304 Δ)
356 3241 397 3289 19.
416 3234 553 3308 <99>118
608 3242 650 3291 2ο.
670 3235 746 3309 <hoe
762 3236 875 3308 ha>nuo
890 3236 918 3290 A
933 3238 1049 3306 (litterae
1062 3238 1095 3291 ia
1112 3253 1168 3292 ras.

143 3305 208 3360 add.
222 3305 277 3374 A³)
346 3311 388 3361 21.
403 3304 521 3378 <ultr>a
533 3307 562 3360 A
576 3308 692 3374 (19199999
705 3309 737 3361 ia
749 3323 805 3362 rac.
820 3308 884 3363 add.
899 3307 952 3377 A⁸)
1023 3307 1171 3363 archoon

142 3375 170 3429 A
189 3373 289 3430 Theon
312 3376 430 3430 ochema
447 3376 595 3433 Barbarus
666 3376 846 3460 aa<u1t>ra
868 3379 896 3433 A
920 3379 1036 3449 (litteras
1058 3380 1091 3433 ia
1112 3394 1169 3435 ras.

134 3446 202 3497 add
221 3445 277 3513 Ab
350 3445 445 3516 longis
464 3446 506 3502 A¹
525 3449 643 3518 exceptis
662 3449 760 3504 littera
779 3448 823 3518 gis
842 3451 874 3504 ia
892 3451 982 3519 spatio
1000 3465 1087 3505 cocao
