2512 3824
298 243 303 260 ,
393 192 574 250 chosroen.
593 195 620 249 11
638 201 654 250 a
672 197 802 266 (rr-ae)
1061 197 1105 264 33

89 377 186 440 super
203 355 296 441 ignes
317 377 398 440 quos
413 356 644 422 circumsident
659 357 818 441 quaedam
833 358 957 425 semina
975 360 1105 444 ingesta

89 448 180 528 sunt,
211 444 330 510 similis
361 445 515 510 ebrietati
542 444 695 510 hilaritas
725 469 764 511 ex
792 446 904 512 nidore
933 449 1104 534 contingit.

88 534 124 598 in
155 533 309 599 litoribus
336 532 452 598 Histro
485 535 536 598 est
566 535 715 617 proxima
742 533 958 620 Histropolis,
986 537 1101 603 deinde
1122 553 1156 600 aa

88 621 228 686 Milesiis
250 622 389 687 deducta
406 619 555 706 Callatis,
577 626 649 687 tum
668 621 791 688 Tomoe
814 627 848 689 et
870 629 985 708 portus
1004 622 1103 691 Caria

61 715 123 775 set
155 709 286 776 Tiristis
319 710 597 794 promunturium,
630 711 715 796 quod
748 716 987 794 praeterveetus
1020 714 1104 779 alter

88 799 187 864 Ponti
210 799 350 883 angulus
373 799 506 883 accipit,
534 799 688 864 adversus
711 799 871 867 Phasiaco
897 805 932 866 et
952 802 1016 866 nisi
1039 824 1104 867 am·

87 888 175 971 plion
192 887 279 952 foret
297 887 424 952 similis.
469 887 532 951 fuit
549 886 604 952 hio
623 887 755 974 Bizone,
772 893 864 955 motu
881 893 988 954 terrae
1006 889 1104 955 inter·

89 975 177 1040 oidit.
218 979 269 1040 est
286 980 400 1060 portus
420 973 557 1057 Crunos,
574 976 673 1041 urbes
691 975 937 1062 Dionysopolis,
954 977 1105 1063 Odessos,

87 1063 313 1148 Messembria,
335 1063 527 1150 Anchialos,
556 1068 590 1130 et
612 1065 729 1130 intimo
751 1066 787 1130 in
810 1066 897 1151 sinu,
925 1069 1022 1151 atque
1047 1067 1104 1132 ubi

48 1173 74 1214 ro
87 1153 213 1218 Pontus
237 1153 375 1218 alterum
399 1152 450 1218 sui
472 1151 592 1218 flexum
615 1153 736 1238 angulo
759 1154 841 1238 finit,
864 1174 985 1239 magna
1003 1154 1105 1240 Apol·

86 1241 183 1307 lonis.
233 1245 323 1308 reeta
350 1241 466 1307 dehine
494 1262 565 1325 ora,
595 1240 659 1306 nisi
686 1242 775 1327 quod
802 1243 909 1309 media
937 1244 1040 1309 ferme
1067 1245 1103 1309 in
1122 1259 1156 1309 ae

86 1331 348 1414 promunturium
383 1329 470 1415 quod
512 1327 664 1415 Thynian
700 1336 819 1396 vocant
856 1332 923 1397 exit
934 1382 943 1416 ,
985 1336 1019 1398 et
1055 1334 1103 1398 in·

88 1419 194 1482 curvis
222 1423 337 1485 eontra
363 1439 399 1484 se
426 1419 578 1484 litoribus
611 1419 810 1503 obtenditur,
843 1421 1004 1504 urbesque
1035 1443 1104 1486 sus·

86 1507 171 1571 tinet
188 1505 413 1592 Halmydeson
436 1511 469 1572 et
487 1507 612 1572 Philias
636 1510 670 1573 et
688 1505 905 1592 Phinopolim.
945 1509 1103 1574 haetenus

48 1592 220 1660 rsPontus
264 1594 380 1662 deinde
408 1599 459 1661 est
480 1594 671 1680 Bosphorus
699 1599 733 1659 et
755 1593 944 1680 Propontis,
967 1597 1002 1660 in
1024 1595 1104 1662 Bos·
1123 1612 1157 1661 24

86 1683 191 1767 phoro
214 1683 407 1773 Byzantion,
429 1685 465 1750 in
487 1682 684 1768 Propontide
704 1681 897 1769 Selymbria,
918 1682 1103 1770 Perinthos,

16 1770 31 1840 f
86 1771 232 1856 Bytinis3
258 1794 433 1859 amesque
457 1773 513 1857 qui
536 1771 727 1838 interfluunt
748 1769 894 1858 Baginas
917 1777 951 1839 et
969 1771 1102 1858 Atyras.

86 1865 157 1926 tum
179 1861 305 1927 Rhesso
332 1865 471 1948 regnata
498 1862 662 1946 quendem
689 1883 764 1946 pers
792 1861 964 1946 Thraciae,
992 1867 1025 1928 et
1047 1861 1103 1928 Bi·

87 1949 203 2013 santhe
228 1948 421 2033 Samiorum,
444 1953 477 2014 et
499 1950 615 2033 ingens
639 1949 813 2030 aliquando
833 1948 982 2035 Cypsela.
1026 1957 1102 2035 post

46 2055 73 2096 ro
87 2034 177 2100 loeus
200 2057 297 2120 quern
316 2034 396 2102 Grai
418 2036 552 2102 Macron
574 2037 682 2102 tiohos
706 2037 881 2122 adpellant,
905 2043 938 2105 et
961 2039 995 2104 in
1018 2039 1103 2104 radi·

86 2145 156 2190 eam
179 2144 317 2211 magnae
339 2125 592 2209 paeneinsulae
615 2124 729 2191 sedens
753 2124 970 2210 Lysimachia
1015 2132 1156 2196 terrase

86 2234 170 2298 quae
202 2213 359 2298 sequitur
397 2234 561 2299 nusquam
601 2215 670 2280 lata
710 2217 807 2299 atque
847 2215 901 2281 hio
938 2217 1104 2282 artissima

85 2304 172 2368 inter
194 2301 442 2388 Hellespontum
465 2303 698 2388 Aegaeumque
719 2305 888 2387 procurrit
934 2306 1104 2390 angustias

85 2390 249 2476 Isthmon,
285 2391 427 2461 frontem
464 2393 533 2458 eius
570 2391 780 2475 Mastusiam,
822 2396 927 2456 totam
964 2390 1104 2457 Cherso-

45 2497 217 2544 ssnessum
240 2478 408 2565 adpellant
434 2480 477 2546 ob
501 2481 607 2545 multa
633 2478 888 2545 memorabilem.
933 2483 983 2544 est
1007 2481 1041 2544 in
1065 2501 1103 2546 ea
1123 2497 1156 2548 ae

86 2567 206 2633 flumen
232 2567 355 2654 Aegos,
382 2568 555 2654 naufragio
583 2568 695 2633 elassis
722 2567 853 2633 Atticae
879 2567 1022 2657 insigne3
1054 2572 1104 2635 est

86 2660 119 2722 et
141 2655 261 2742 Abydo
288 2658 441 2724 obisosns
464 2656 592 2734 Sestos,
618 2656 760 2722 Leandri
783 2677 893 2722 amore
919 2658 1102 2744 pernobile,

159 2841 181 2887 1.
197 2831 399 2889 oucumsident
412 2832 452 2886 A¹
468 2848 536 2889 corr.
592 2837 618 2887 4.
632 2831 758 2886 mallesis
774 2831 801 2884 A
815 2830 935 2886 Milesiis
949 2834 1049 2914 scripsi

85 2906 117 2957 tu
135 2904 163 2956 A
180 2906 276 2960 tuma
335 2908 360 2959 b.
379 2901 476 2974 pristis
495 2903 523 2958 A
541 2900 653 2958 Tiristis
675 2901 787 2958 Vossius
849 2907 876 2958 8.
896 2901 1100 2974 dionysiopolis

86 2972 114 3026 A
128 2971 360 3047 Dionysopolise
413 2974 547 3030 ohdessos
562 2974 590 3028 A
645 2979 687 3028 10.
704 2979 744 3028 11.
760 2971 962 3044 apollophania
975 2973 1003 3027 A
1016 2973 1102 3044 Apel-

86 3043 164 3098 lonia
182 3043 328 3100 Baedorus
401 3051 442 3100 12.
464 3045 498 3099 th
565 3044 614 3100 ian
632 3044 659 3098 A
672 3043 803 3112 Thynian
820 3045 877 3101 sori
895 3045 921 3099 si
993 3051 1035 3100 13.
1054 3044 1102 3099 eh·-

85 3112 213 3168 tenditur
234 3115 276 3167 A¹
298 3115 462 3184 optenditur
509 3115 519 3148 ¹
592 3122 633 3170 14.
658 3114 844 3184 helmydesou
955 3114 1056 3185 phylas
1075 3115 1103 3169 A

86 3184 194 3240 Philias
213 3185 341 3242 Boreas
412 3194 453 3244 18.
476 3195 517 3243 19.
537 3187 658 3242 hisaltae
682 3186 710 3240 A
728 3185 863 3241 Bisanthe
887 3186 1033 3242 Barbarus

86 3264 128 3312 19.
149 3257 267 3328 gypsela
285 3256 313 3309 A
331 3255 453 3327 Cypsela
471 3259 622 3314 Rationes
675 3264 718 3314 20.
738 3256 930 3312 maerentibus
949 3257 977 3311 A
996 3255 1101 3326 (ntihos

85 3328 127 3382 A⁸
144 3331 177 3383 ia
194 3330 285 3398 matio
298 3332 395 3396 aemio)
408 3329 523 3384 Maeror
537 3331 630 3385 tiohos
644 3330 791 3385 Barbarus
862 3334 906 3383 20.
921 3335 963 3384 21.
978 3327 1103 3382 radicem

85 3401 125 3456 sie
138 3400 166 3453 A
220 3406 263 3454 21.
278 3397 444 3470 peninsulae
459 3401 487 3454 A
536 3408 578 3456 28.
594 3417 768 3470 aegeumque
782 3400 811 3453 A
864 3405 908 3454 25.
922 3398 1113 3452 memsmb'xks

85 3470 114 3523 A
131 3486 256 3526 memora
274 3470 361 3525 bilem
375 3471 527 3531 Piretiaaus
600 3479 648 3530 ui.
661 3479 725 3544 post
743 3470 886 3527 obissens
903 3468 976 3521 soe.
992 3467 1029 3514 ab
1049 3461 1085 3510 ἓ

133 3569 273 3619 Pomponius
287 3572 358 3616 Mela.
969 3552 993 3596 ’δ
