2512 3824
130 192 171 256 12
468 191 647 248 POMPONII
664 193 790 249 Manna

128 355 257 438 absunt,
275 355 385 419 vultus
404 355 439 420 in
457 359 589 440 pectore
607 360 666 422 est.
703 355 831 441 Satyris
849 360 979 441 praeter
997 355 1140 439 effigiem

127 442 210 508 nihil
232 443 375 508 humani.
425 442 630 530 Aegipanum
655 467 736 530 quae
761 445 943 510 celebratur
971 465 1009 509 ea
1034 445 1142 509 forma

129 536 187 596 est.
232 532 314 598 haec
338 532 377 597 de
400 531 521 599 Africa

74 597 113 725 Β
215 620 315 686 Asiae
332 621 440 705 prima
458 643 534 704 pars
553 620 723 706 Aegyptus
742 622 829 687 inter
847 619 1091 687 Catabathmon
1110 623 1143 685 et

127 709 271 793 Arabas3
299 709 427 775 abhoc
455 710 553 775 litore
576 711 707 793 penitus
734 710 883 776 immissa
905 710 1006 775 donec
1029 707 1141 774 Aethi·
1170 725 1182 767 ⁵

51 807 53 810 ’
129 798 237 881 opiam
257 797 353 865 dorso
372 798 543 882 contingat
562 798 604 863 ad
622 798 791 864 meridiem
809 799 941 886 refugit.
981 802 1071 863 terra
1089 818 1141 861 ex·

127 908 201 969 pers
229 886 384 950 imbrium
411 886 492 950 mire
521 891 631 951 tamen
658 886 776 951 fertilis
806 891 839 952 et
866 887 1035 952 hominum
1063 886 1142 951 alio-

127 995 263 1059 rumque
277 973 467 1039 animalium
485 972 683 1059 perfecunda
697 976 891 1059 generatrix.
918 975 1015 1042 Nilus
1034 975 1143 1059 efficit,

75 1075 109 1126 50
130 1063 274 1128 amnium
292 1062 328 1127 in
345 1061 504 1128 Nostrum
522 1085 612 1128 mare
630 1064 867 1147 permeantium
885 1063 1055 1128 maximus.
1090 1063 1145 1128 hic

130 1173 169 1215 ex
191 1149 329 1215 desertis
352 1145 488 1217 Africae*
505 1153 623 1217 missus
646 1173 706 1216 nec
730 1152 841 1217 statim
866 1153 1016 1238 navigari
1037 1151 1144 1217 facilis
1159 1168 1185 1208 10

127 1258 187 1303 nec
216 1239 329 1302 statim
352 1237 448 1304 Nilus
477 1242 541 1322 est,
568 1245 602 1305 et
629 1260 700 1306 cum
724 1239 779 1305 diu
802 1241 939 1325 simplex
967 1262 1145 1326 saevusque

128 1325 304 1409 descendit,
323 1326 410 1392 circa
423 1327 557 1395 Meroen
570 1329 637 1393 late
651 1332 818 1413 patentem
831 1330 971 1394 insulam
984 1329 1020 1393 in
1033 1327 1146 1394 Aethi·

129 1414 237 1498 opiam
267 1414 470 1500 diffimditur,
503 1417 672 1501 alteraque
702 1421 797 1500 parte
829 1416 1009 1484 Astabores
1042 1417 1145 1483 altera

127 1502 252 1587 Astape
283 1503 387 1569 dictus
416 1509 474 1571 est.
523 1506 580 1571 ubi
611 1527 723 1571 rursus
755 1507 822 1572 coit
853 1507 901 1572 ibi
932 1527 1050 1572 nomen
1082 1506 1145 1570 hoc

75 1605 107 1655 51
129 1592 224 1676 capit.
272 1592 347 1657 inde
374 1594 497 1676 partim
526 1616 622 1679 asper
648 1594 769 1679 partim
796 1595 927 1680 navigia
953 1595 1081 1679 patiens
1110 1595 1145 1657 in
1158 1609 1184 1649 1⁶

128 1681 304 1744 immanem
337 1683 444 1746 lacum
472 1681 615 1767 devenit,
648 1705 687 1747 ex
719 1705 784 1768 quo
816 1683 988 1767 praecipiti
1018 1682 1144 1765 impetu

129 1788 279 1852 egressus
303 1767 556 1854 et.Taohempso
581 1771 719 1835 alteram
741 1772 879 1836 insulam
904 1768 1070 1853 amplexus
1091 1790 1144 1833 us·

129 1876 191 1939 que
219 1855 260 1918 ad
282 1854 524 1939 Elephantinen
551 1858 666 1923 urbem
693 1859 892 1945 Aegyptiam
919 1862 1013 1924 atrox
1040 1857 1144 1922 adhuc

127 1943 320 2028 fervensque
354 1944 502 2012 decurrit.
557 1951 627 2012 tum
660 1947 788 2013 demum
823 1947 982 2033 placidior
1013 1950 1047 2011 et
1078 1946 1144 2012 iam

128 2032 210 2098 bene
236 2033 434 2117 navigabilis
461 2036 603 2119 primum
631 2037 723 2102 iuxta
750 2035 963 2103 Cercasorum
991 2035 1145 2120 oppidum
1159 2051 1185 2090 2⁰

127 2121 247 2205 triplex
276 2143 348 2187 esse
375 2123 500 2207 incipit.
545 2125 659 2189 deinde
680 2127 792 2188 ibrum
819 2125 1000 2208 iterumque
1023 2125 1144 2190 divisus

129 2209 170 2273 ad
187 2207 288 2274 Delta
311 2213 344 2274 et
367 2210 407 2276 ad
425 2209 537 2294 Melyn
559 2211 586 2274 it
607 2231 666 2295 per
689 2231 817 2274 omnem
835 2211 1024 2295 Aegyptum
1042 2231 1143 2295 vagus

128 2302 227 2383 atque
245 2296 420 2382 dispersus,
443 2302 630 2382 septemque
653 2298 688 2362 in
706 2318 763 2363 ora
782 2318 816 2362 se
836 2297 984 2362 scindens
1004 2298 1144 2382 singulis

75 2402 108 2452 52
128 2388 239 2452 tamen
262 2388 397 2472 grandis
421 2386 591 2453 evolvitur.
634 2407 701 2452 non
719 2389 865 2470 pererrat
888 2389 996 2452 autem
1014 2389 1144 2451 tantum

128 2496 200 2540 eam
224 2476 280 2541 sed
304 2477 428 2542 aestivo
458 2475 562 2541 sidere
586 2475 750 2541 exundans
778 2475 878 2540 etiam
904 2475 1034 2560 irrigat,
1063 2475 1143 2540 adeo
1157 2491 1183 2532 2⁵

128 2561 317 2628 efficacibus
336 2565 429 2649 aquis
450 2564 490 2629 ad
509 2563 733 2649 generandum
753 2564 976 2650 alendumque,
998 2567 1036 2630 ut
1054 2586 1145 2649 prae-

126 2653 177 2715 ter
199 2649 233 2713 id
256 2651 343 2734 quod
361 2655 466 2717 scatet
483 2653 637 2736 piscibus,
648 2653 746 2737 ⁴quod
763 2653 1016 2738 hippopotamos
1036 2673 1143 2718 croco·

127 2736 274 2822 dilosque
296 2742 407 2804 vastas
430 2739 544 2804 beluas
572 2741 694 2826 gignit,
722 2742 849 2826 glaebis
873 2742 971 2807 etiam
994 2740 1144 2805 infundat

127 2826 266 2910 animae,
299 2848 338 2892 ex
368 2828 502 2912 ipsaque
534 2827 634 2894 humo
666 2829 784 2896 vitalia
815 2829 958 2913 effingat
1008 2828 1071 2894 hoc
1104 2850 1142 2893 eo

127 2914 338 2982 manifestum
366 2920 429 3001 est,
457 2916 543 3001 quod
569 2917 628 2982 ubi
655 2918 782 2984 sedavit
808 2917 932 2983 diluvia
960 2939 997 2982 ac
1021 2938 1055 2982 se
1079 2917 1143 2982 sibi
1157 2933 1183 2976 eo

126 3003 280 3089 reddidit,
307 3027 366 3089 per
393 3009 543 3072 umentes
571 3027 703 3092 campos
727 3004 883 3092 quaedam
908 3005 1052 3071 nondum
1074 3028 1144 3091 per·

198 3186 223 3232 4.
248 3185 272 3234 b.
295 3178 400 3248 <Asiae
420 3210 453 3220 —
472 3179 601 3251 Arabas)
619 3182 647 3235 A
720 3186 762 3235 11.
787 3180 921 3302 <etpcum
939 3180 967 3234 A
1040 3186 1081 3234 rt.
1100 3181 1142 3231 ta

126 3248 277 3322 lems<osl>
295 3249 323 3303 A
342 3248 518 3320 Tachempso
536 3250 684 3306 Barbarae
757 3255 798 3304 18.
818 3249 1020 3320 eephantilem
1038 3250 1065 3302 A
1079 3247 1141 3302 Ille·

126 3317 283 3388 phantinen
310 3319 461 3377 Platiaaos
545 3327 587 3376 19.
615 3319 744 3394 <et>iam
771 3323 799 3376 A
876 3328 919 3376 21.
947 3321 1049 3375 iterum
1076 3320 1140 3374 add.
1233 3358 1236 3365 ι

126 3389 282 3446 Salmasius
353 3397 395 3447 23.
416 3391 507 3460 adque
525 3392 567 3448 A¹
585 3392 671 3462 atque
690 3391 732 3446 A²
804 3398 846 3447 26.
866 3391 998 3446 alendum
1016 3389 1080 3445 add.
1099 3388 1141 3443 Αἱ

196 3465 239 3514 27.
262 3461 484 3532 crocodillosque
502 3463 531 3517 A
604 3469 646 3519 31.
666 3465 793 3519 umentes
812 3465 853 3520 A¹
871 3462 1018 3518 humentes
1036 3459 1078 3515 A¹
