2512 3824
419 187 828 258 1111111111411-11)
954 246 956 249 ,
1084 191 1128 258 43

111 352 314 436 Histonium3
328 351 438 417 Dauni
454 354 562 416 autem
572 338 762 414 Trifernum
776 373 913 431 amnem,
928 350 1128 440 Cliterniam,

110 441 276 524 Larinum,
290 441 437 506 Teanum
453 440 582 524 oppida,
595 442 802 523 montemque
817 438 1014 525 Garganum.
1037 443 1127 508 sinus
1147 459 1181 510 66

110 533 162 595 111
184 531 339 595 11111111
358 528 468 613 Apulo
487 529 582 593 litore
602 527 763 592 incinctus
781 528 913 594 nomine
931 528 1037 614 Urias,
1060 553 1127 597 mo·

110 618 199 683 dicus
228 619 334 703 spatio
363 618 519 703 pleraque
547 638 642 699 asper
666 637 811 700 accessu,
838 621 930 681 111111
954 615 1128 702 Sipontum

81 725 95 767 1
110 710 168 770 aut
185 711 223 772 ut
240 706 319 772 Grai
337 707 445 772 dixere
465 703 644 789 Sipuntem,
663 707 696 768 et
713 704 833 769 flumen
851 705 936 789 quod
951 703 1128 772 Canusium

109 795 283 880 adtingens
306 795 460 860 Aufidum
483 793 663 878 adpellant,
690 797 766 876 post
788 793 923 858 Barium
951 798 984 859 et
1006 793 1128 861 Gnatia

110 887 143 947 et
170 883 279 948 Ennio
312 884 381 949 cive
412 883 540 949 nobiles
573 881 712 965 Rudiae,
744 885 777 946 et
808 882 875 946 iam
907 883 943 947 in
975 880 1128 949 Calabria

110 970 336 1055 Brundisium,
366 971 550 1054 Valetium,
580 969 720 1054 Lupiae,
751 969 883 1055 Hydrus
915 994 1025 1056 mons,
1056 977 1128 1037 tum

109 1057 284 1125 Sallentini
316 1061 423 1144 campi
451 1063 485 1124 et
512 1057 693 1124 Sallentina
725 1059 824 1125 litora
856 1064 890 1125 et
917 1061 995 1125 urbs
1026 1059 1126 1126 Graia

67 1167 96 1208 11
108 1145 287 1233 Callipolis.
337 1149 502 1233 hucusque
528 1147 666 1230 Hadria,
696 1146 863 1232 hueusque
895 1147 1012 1214 Italiae
1039 1150 1126 1215 latus
1145 1165 1179 1215 61

108 1237 249 1302 alterum
277 1239 427 1322 pertinet
472 1236 564 1300 frons
592 1236 661 1300 eius
688 1236 723 1299 in
745 1236 808 1301 duo
837 1237 967 1321 quidem
994 1259 1028 1303 se
1058 1259 1126 1303 eor·
1214 1280 1219 1286 -

107 1346 181 1409 uua,
205 1326 289 1391 sicut
312 1347 411 1409 supra
428 1324 579 1408 diximus,
602 1324 735 1389 scindit:
762 1329 904 1390 ceterum
928 1347 1017 1390 mare
1041 1327 1127 1411 qued

106 1413 193 1477 inter
228 1417 366 1499 utraque
402 1413 533 1477 admisit
566 1413 720 1478 tenuibus
756 1415 988 1496 promunturiis
1025 1415 1126 1480 semel

107 1502 290 1586 iterumque
314 1502 517 1586 distinguens
540 1523 607 1567 111
629 1523 694 1566 111
717 1503 867 1585 margine
887 1503 1044 1585 circumit,
1066 1523 1126 1567 nec

66 1607 93 1649 11
106 1589 259 1656 diffirsum
294 1593 473 1675 patensque
510 1588 567 1654 sed
603 1609 661 1672 per
697 1589 787 1653 sinus
823 1589 948 1673 recipit.
1002 1591 1126 1673 primus
1145 1605 1178 1656 68

106 1677 303 1744 Tarentinus
331 1679 449 1744 dieitur
475 1678 561 1742 inter
591 1677 819 1760 promunturia
846 1676 1063 1744 Sallentinum
1093 1683 1125 1743 et

105 1765 293 1852 Lacinium,
334 1769 368 1832 in
410 1787 512 1852 eoque
554 1769 631 1831 sunt
667 1766 848 1850 Tarentus,
888 1765 1124 1851 Metapontum,

105 1854 279 1939 Heraclea,
301 1853 417 1940 Croto,
447 1855 619 1920 Thurium:
648 1855 804 1920 secundus
829 1853 1013 1939 Scyllaceus
1040 1857 1126 1922 inter

104 1945 332 2025 promunturia
368 1944 538 2009 Lacinium
575 1946 609 2006 at
645 1943 855 2027 Zephyrium,
895 1945 931 2008 in
968 1966 1032 2028 quo
1074 1949 1125 2010 est

63 2051 92 2090 ao
105 2029 245 2115 Petelia,
268 2029 436 2115 Carcinus,
464 2029 681 2114 Scyllaceum,
708 2029 864 2114 Mystiae:
895 2032 1013 2096 tertius
1040 2033 1125 2096 inter

105 2117 303 2203 Zephyrium
328 2122 361 2184 et
381 2119 549 2184 Bruttium
576 2116 802 2204 Consentiam,
831 2116 1038 2204 Cauloniam,
1063 2119 1124 2185 Lo·

105 2228 241 2292 erosque
264 2207 452 2274 circumdat
496 2206 532 2271 in
554 2206 686 2273 Bruttio
710 2211 787 2272 sunt
805 2205 966 2274 Columna
987 2208 1124 2295 Rhagia,

103 2294 280 2381 Rhegium,
309 2295 431 2381 Scylla,
460 2295 658 2361 Taurianum
687 2300 721 2361 et
747 2296 941 2362 Metaurum.
986 2297 1063 2363 hinc
1090 2299 1124 2362 in
1143 2312 1176 2363 69

105 2382 246 2449 Tuscum
283 2407 372 2450 mare
407 2385 510 2450 flexus
547 2388 598 2448 est
635 2388 668 2448 et
709 2385 853 2448 eiusdem
888 2388 994 2449 terrae
1036 2387 1123 2450 latus

63 2489 91 2532 sc
105 2473 255 2557 alterum,
277 2471 453 2555 Matioana,
475 2471 678 2557 Hipponium
696 2471 834 2556 Vibove,
851 2473 996 2557 Temese,
1014 2471 1123 2539 Clam·

103 2561 209 2644 petia,
246 2560 390 2644 Blanda,
426 2559 629 2644 Buxentum,
669 2559 784 2643 Velia,
825 2560 999 2627 Palinurus
1042 2562 1122 2628 olim

103 2649 243 2734 Phrygii
257 2649 486 2733 gubernatoris
505 2669 590 2733 nunc
604 2648 667 2713 loci
681 2670 808 2732 nomen,
822 2647 1002 2716 Paestanus
1022 2651 1123 2736 sinus,

175 2811 198 2860 1.
212 2804 349 2860 istonium
363 2804 391 2859 A
404 2803 566 2859 Histonium
579 2822 600 2861 a
655 2804 819 2860 elaterniam
833 2806 861 2860 A
875 2806 1038 2862 Clitemiam
1052 2824 1068 2862 o

103 2881 129 2930 2.
147 2875 284 2930 laurinum
308 2876 336 2930 A
358 2875 492 2930 Larinum
515 2893 535 2933 a
607 2883 631 2931 4.
651 2876 793 2946 siponium
815 2877 844 2932 A
863 2876 1012 2948 Sipontum
1029 2893 1050 2932 a

103 2952 128 3000 5.
148 2945 173 3000 si
191 2945 282 3014 yllum
304 2948 333 3001 A
357 2947 504 3017 Sipuntem
527 2949 628 3018 scripsi
699 2953 724 3001 8.
748 2947 832 3017 lupae
856 2947 885 3001 A
907 2945 1014 3017 Lupiae
1032 2964 1049 3002 o

19 3042 23 3047 ·
104 3023 144 3072 17.
216 3016 221 3027 '
258 3034 305 3071 um
332 3018 360 3072 A
438 3023 480 3072 18.
509 3018 609 3089 erotoll
624 3018 653 3073 A
707 3017 879 3085 scyllacaeus
906 3018 934 3071 A
958 3017 1120 3086 Scyllaceus

101 3104 118 3142 o
173 3092 216 3143 20.
233 3088 420 3156 ecyllacaeum
434 3088 462 3142 A
516 3094 558 3143 21.
573 3088 658 3158 paulo
677 3087 734 3141 iam
748 3087 775 3141 A
790 3087 956 3142 Cauloniam
972 3089 1121 3145 Borboros

177 3177 387 3231 1111111111
414 3176 442 3230 A
470 3176 640 3231 rauranum
657 3162 814 3232 “naam
890 3183 934 3232 25.
957 3176 1066 3231 ionium
1092 3176 1121 3230 A

101 3245 276 3317 Hipponium
299 3248 454 3303 Pacatianae
525 3247 612 3301 vibon
635 3246 735 3301 etemie
758 3246 929 3318 aelampetia
950 3247 978 3302 A
1001 3247 1119 3314 vibere,

101 3317 217 3384 Temsa,
240 3317 398 3388 Clampetia
416 3319 544 3373 Bursian
560 3318 689 3386 (Temese
711 3319 819 3388 scripse)
893 3325 936 3374 26.
954 3317 1062 3373 blunda
1079 3318 1120 3372 A¹

101 3387 225 3442 ablunda
237 3387 278 3442 A¹
293 3389 401 3443 Blanda
414 3406 435 3444 c
486 3388 649 3443 buxentium
662 3388 704 3442 A¹
718 3405 786 3444 corr.
801 3388 959 3443 Buxentum
972 3389 1120 3445 Barbarae

172 3465 215 3515 27.
234 3461 383 3529 prestanus
402 3459 430 3514 A
443 3459 595 3515 Paestanus
610 3477 626 3515 1
