2512 3824
77 195 143 252 VIII
236 243 239 250 .
483 190 690 248 PRAEFATIO

76 341 145 405 vire
173 340 297 423 potest,
326 359 365 402 ex
392 359 456 422 quo
484 341 607 403 ceteros
636 359 748 402 omnes
776 359 927 403 manasse
953 337 1094 404 Bursian

77 428 99 493 l.
117 429 138 492 l.
158 426 303 511 apprime
328 427 491 512 sagaciter
509 426 615 492 euicit
652 424 746 501 Quod
769 448 843 492 cum
866 426 1008 494 aMelae
1028 428 1093 492 edi·

76 516 204 582 toribus
227 515 276 580 ita
297 516 483 601 neglectum
508 535 577 580 esse
601 514 759 598 viderem,
786 521 823 581 ut
850 520 979 600 praeter
1001 515 1092 582 Vati-

78 627 195 670 canum
217 604 311 670 illum
334 604 475 687 reliquos
499 605 610 687 aperte
628 602 844 686 interpolatos
863 605 988 671 codices
1011 609 1093 670 tam·

77 704 176 778 quam
191 716 230 759 ex
245 693 422 776 archetypo
437 695 470 756 et
480 691 569 775 ipsos
584 690 748 757 derivatos
759 692 960 777 adhiberent,
975 716 1094 759 novam

79 782 254 848 editionem
274 780 449 846 curandam
467 779 612 859 institui,
631 801 704 845 cum
717 781 912 863 praesertim
928 780 1093 848 Gustauus

78 871 236 954 Parthey,
258 868 501 936 recentissimus
525 868 638 952 editor,
662 870 881 936 emendatoris
905 869 1014 935 officio
1036 893 1092 954 pa-

76 983 149 1025 rum
172 959 304 1024 functus
328 954 448 1044 sit.¹⁰)'

81 1079 84 1084 ·
143 1047 406 1113 Fundamentum
424 1045 525 1130 igitur
542 1044 639 1109 huius
654 1044 805 1111 editionis
820 1050 870 1112 est
888 1046 988 1111 codex
1001 1046 1093 1111 Vati-

77 1157 176 1202 canus
194 1135 283 1201 4929
299 1155 388 1200 saec.
406 1133 450 1218 X,
474 1133 716 1200 accuratissime
740 1135 781 1199 ab
804 1135 986 1218 Augusto
1005 1133 1092 1198 Mau

77 1224 183 1289 denuo
210 1223 245 1289 in
268 1244 377 1288 meum
403 1243 499 1287 usum
523 1243 687 1307 excussus3
716 1245 780 1307 quo
808 1223 847 1287 de
876 1222 984 1287 codice
1010 1244 1093 1305 quae

34 1374 37 1379 4
77 1312 231 1377 disseruit
249 1307 419 1395 Adolphus
437 1310 607 1376 Michaelis
614 1308 655 1398 ll)
673 1312 785 1396 paucis
804 1311 985 1396 supplenda
1008 1313 1094 1376 sunt.

143 1399 256 1486 Neque
286 1399 372 1465 enim
402 1399 501 1464 ceteri
532 1421 637 1485 neque
665 1399 835 1465 Michaelis
868 1400 948 1465 satis
982 1400 1093 1485 digno·

44 1492 46 1496 ‘
76 1493 206 1576 verunt,
238 1489 381 1556 codicem
414 1490 555 1554 secunda
587 1491 620 1553 et
649 1489 747 1554 tertia
779 1511 880 1554 manu
912 1493 1092 1555 correctum

77 1601 161 1659 esse,
193 1600 330 1665 quarum
362 1577 447 1644 hanc
478 1578 604 1662 primae
636 1579 747 1656 manui
779 1580 1096 1662 contemporaneum,

76 1667 168 1733 illam
192 1667 313 1733 saeculi
335 1664 400 1730 XII
422 1688 493 1732 esse
516 1666 684 1750 Augustus
707 1665 786 1730 Mau
808 1668 957 1730 testatur.
1005 1664 1093 1741 Quas

77 1777 150 1821 cum
168 1755 216 1819 Ita
237 1755 318 1837 sint,
342 1756 418 1818 ante
442 1754 553 1818 omnia
576 1774 659 1836 quae
682 1753 726 1818 sit
748 1754 833 1818 inter
857 1753 1001 1838 singulas
1026 1775 1092 1818 ma-

76 1865 140 1909 nus
162 1843 248 1909 ratio
271 1841 535 1926 perpendendum
559 1844 618 1907 est.

143 1930 253 2016 Atque
285 1931 314 1995 si
345 1929 595 2014 perlustraveris
631 1930 899 1996 commentarium
937 1930 1093 2015 criticum,

75 2019 171 2086 facile
198 2020 370 2104 intelleges
398 2018 556 2085 secundae
582 2041 698 2085 manus
727 2019 919 2104 scriptorem
951 2019 1094 2085 codicem

77 2131 181 2195 neque
209 2130 248 2174 ex
269 2108 402 2193 ingenio
430 2130 533 2191 neque
562 2130 601 2173 ex
624 2107 738 2174 eodem
762 2130 824 2193 quo
848 2130 926 2174 usus
955 2113 1006 2173 est
1028 2109 1093 2193 pri-

77 2218 150 2262 mae
173 2218 289 2262 manus
313 2195 455 2279 scriptor
477 2196 655 2280 exemplari
673 2195 874 2280 emendasse,
897 2197 998 2261 immo
1021 2216 1094 2280 spe-

76 2285 217 2351 raverim
239 2283 309 2350 fore
335 2286 372 2348 ut
394 2305 520 2350 mecum
548 2284 587 2351 de
610 2283 670 2349 teli
693 2286 864 2349 stemmate
893 2285 1093 2349 consentias:

136 3481 189 3546 10)
209 3499 232 3533 ν.
252 3481 375 3538 Bursian
393 3482 413 3540 L
432 3483 452 3540 1,
470 3489 582 3586 p.·629.
656 3483 701 3554 ll)
719 3500 764 3553 ap.
782 3481 905 3550 Parthsy
922 3499 950 3550 p.
969 3481 994 3536 X
1013 3497 1073 3551 sqq.
