2512 3824
126 187 170 253 32
472 183 651 240 conform
668 183 793 240 unuin

126 351 229 417 terior
247 348 379 414 adtollit
396 346 546 414 Haemon
564 352 598 414 et
615 348 796 432 Rhodopen
815 351 848 412 et
866 345 1020 432 Orbelon,
1043 351 1147 416 saone

127 438 238 504 Liberi
268 437 372 522 patris
405 439 438 502 et
470 441 565 502 coetu
597 436 806 520 Maenadum,
837 435 969 521 Orpheo
1001 438 1148 522 primurn

127 527 293 610 initiante,
321 525 514 592 celebratos.
559 547 576 590 a
599 525 671 610 quis
694 524 837 590 Haemos
860 525 895 591 in
917 529 1046 591 tantum
1072 527 1147 591 alti-

127 616 249 681 tudinis
269 615 348 699 abit,
365 617 403 680 ut
420 614 584 680 Euxinum
603 617 637 678 et
655 612 802 678 Hadrian
821 635 860 678 ex
879 635 1005 679 summo
1024 615 1148 681 vertice

76 720 109 770 18
128 705 287 772 ostendat.
336 725 402 769 una
428 723 508 788 gens
541 702 681 768 Thracas
708 703 878 786 habitant,
906 703 981 768 aliis
1008 703 1147 789 aliisque
1173 720 1186 763 s

128 793 269 879 praediti
287 796 321 858 et
338 791 524 857 nominibus
545 796 578 856 et
595 791 750 856 moribus.
786 791 918 874 quidam
936 791 998 857 feri
1017 796 1095 857 sunt
1115 797 1149 858 at

128 881 332 967 paratissimi
355 880 396 945 ad
414 883 562 958 mortem,
586 878 688 944 Getae
707 881 827 964 utique.
872 879 906 944 id
925 879 1017 945 varia
1034 880 1148 966 opinio

129 971 271 1055 perficit3
301 970 359 1034 alii
382 967 543 1034 redituras
565 971 684 1052 putant
706 969 831 1033 animas
856 969 1061 1054 obeuntium,
1089 970 1148 1035 alii

131 1059 193 1124 etsi
215 1081 283 1124 non
304 1058 438 1123 redeant
459 1079 527 1123 non
549 1057 697 1141 extingui
715 1061 835 1142 tamen,
859 1057 915 1122 sed
938 1058 980 1122 ad
997 1058 1148 1124 beatiora

128 1149 282 1231 transire,
305 1147 364 1212 alii
387 1147 489 1212 emori
512 1146 655 1231 quidem,
680 1145 735 1211 sed
758 1145 792 1209 id
814 1146 929 1210 melius
954 1167 1025 1212 esse
1048 1168 1148 1231 quam
1161 1163 1187 1205 ιο

130 1237 247 1300 vivere.
292 1236 403 1318 itaque
421 1235 575 1318 lugentur
593 1235 679 1319 apud
697 1234 854 1320 quosdam
872 1235 1046 1319 puerperia
1063 1236 1149 1300 nati·

130 1345 192 1407 que
214 1323 383 1408 deflentur,
404 1323 522 1388 funera
540 1327 654 1389 contra
670 1323 756 1388 fasta
775 1327 858 1402 sunt,
883 1327 915 1388 et
934 1324 1035 1388 veluti
1054 1346 1149 1390 sacra

79 1429 110 1479 19
130 1416 229 1478 cantu
251 1413 388 1497 lusuque
411 1413 625 1479 celebrantur.
670 1434 711 1477 ne
733 1412 864 1476 feminis
888 1412 1017 1496 quidem
1037 1413 1148 1498 regnis

131 1501 259 1566 animus
283 1505 342 1568 est.
384 1523 480 1585 super
502 1503 705 1567 mortuorum
724 1500 870 1565 virorum
888 1522 1024 1585 corpora
1047 1501 1148 1567 inter·

130 1590 184 1656 fici
207 1591 368 1675 simulque
391 1590 523 1675 sepeliri
546 1594 661 1656 votum
683 1590 837 1655 eximium
856 1588 988 1674 habent,
1012 1594 1046 1655 et
1068 1590 1147 1675 quia
1161 1607 1186 1648 1⁵

129 1680 241 1763 plures
265 1680 362 1743 simul
385 1679 524 1762 singulis
547 1682 668 1763 nuptae
692 1682 781 1762 sunt,
809 1680 899 1742 euius
922 1679 956 1742 id
982 1679 1027 1743 sit
1048 1678 1153 1744 decus
1164 1697 1186 1763 '..‘

132 1766 1148 1939 llllulciscendiulclsendideblitat-*ss
1187 1775 1193 1786 ’

678 1905 686 1938 7

77 1944 269 2009 revincere.
315 1946 464 2008 maerent
491 1943 575 2009 aliae
598 1944 746 2029 vocibus,
773 1947 807 2008 et
830 1965 904 2009 cum
926 1944 1146 2010 acerbissimis

130 2033 317 2117 planctibus
345 2033 491 2100 efferunt.
537 2036 572 2098 at
599 2033 717 2117 quibus
745 2033 908 2100 consolari
935 2054 990 2098 eas
1019 2034 1146 2100 animus
1160 2051 1188 2092 ²⁰

131 2127 195 2205 est,
223 2144 314 2187 arma
342 2143 485 2205 opesque
512 2122 553 2185 ad
580 2143 677 2206 rogos
705 2123 868 2206 deferunt,
897 2122 1083 2208 paratique,
1109 2127 1148 2187 ut

98 2264 100 2268 ,
131 2209 297 2293 dictitent,
325 2231 398 2274 oum
425 2210 494 2274 fato
521 2210 672 2293 iacentis,
700 2211 729 2275 si
756 2211 908 2276 daturin
936 2233 1067 2295 manus,
1093 2211 1147 2275 vel

131 2298 252 2381 pacisci
280 2298 332 2363 val
359 2297 542 2381 decernere,
573 2298 631 2363 ubi
657 2320 717 2364 neo
746 2320 875 2384 pugnae
901 2321 962 2365 neo
990 2299 1147 2384 pecuniae

78 2401 112 2450 21
132 2386 221 2453 locus
254 2388 311 2471 sit,
342 2407 405 2448 *a*
432 2389 629 2472 manentque
661 2387 808 2452 dominas
840 2389 940 2472 proci.
985 2390 1147 2472 nupturae

131 2477 276 2561 virgines
294 2496 361 2540 non
380 2498 400 2540 a
421 2476 611 2560 parentibus
630 2476 709 2541 viris
732 2477 915 2562 traduntur,
939 2476 996 2543 sed
1017 2476 1148 2561 publice
1161 2493 1188 2536 ²⁶

133 2568 190 2628 aut
204 2565 354 2629 locantur
367 2563 529 2630 ducendae
543 2568 601 2629 aut
613 2569 762 2631 veneunt.
790 2570 902 2631 utrum
914 2565 974 2631 fiat
987 2587 1026 2630 ex
1040 2565 1147 2650 spacia

134 2655 167 2715 et
189 2653 335 2716 moribus
360 2673 457 2717 causa
479 2656 539 2718 est.
583 2655 707 2738 probae
733 2655 960 2739 formosusque
982 2654 1018 2719 in
1040 2655 1147 2739 pretio

135 2744 223 2826 sunt,
251 2745 374 2805 ceteras
399 2741 455 2824 qui
481 2741 626 2807 habeant
653 2743 799 2808 mercede
829 2745 1037 2828 quaeruntur.
1081 2743 1150 2808 vini

133 2851 210 2894 usus
239 2828 432 2914 quibusdam
460 2829 593 2915 ignotus
622 2834 684 2898 est:
717 2833 925 2917 epulantibus
953 2834 1065 2897 tamen
1092 2832 1150 2897 ubi

206 3100 228 3147 1.
248 3092 365 3148 adtollit
378 3093 419 3147 A¹
438 3093 551 3149 attollit
560 3094 599 3148 A¹
659 3095 797 3151 haemona
811 3096 839 3150 A
857 3095 986 3150 Haemon
1002 3095 1148 3150 Barbarus

195 3163 350 3234 rhodopem
368 3164 396 3220 A
414 3165 606 3236 Rhodopeue
674 3173 699 3221 2.
719 3167 825 3251 orphpo
845 3167 872 3220 A
935 3172 960 3222 8.
979 3164 1090 3236 perficit
1107 3163 1148 3217 A¹

133 3267 200 3306 corr.
267 3259 308 3308 16.
327 3255 432 3323 nuptae
450 3253 491 3307 A¹
510 3270 578 3309 corr.
644 3259 685 3309 19.
705 3253 756 3308 alii
774 3256 802 3308 A
820 3255 927 3312 aliaeo
991 3259 1033 3308 20.
1053 3267 1101 3306 eos
1121 3253 1149 3306 A

133 3337 180 3375 eas
202 3339 219 3376 o
295 3329 337 3378 22.
361 3323 483 3378 inmanis
506 3325 534 3378 A
555 3324 586 3378 in
608 3340 746 3381 manusc
822 3333 864 3383 24.
890 3332 954 3382 aaa
978 3324 1149 3392 manentque

133 3393 262 3448 lacunam
280 3395 366 3449 statui
433 3395 561 3450 dominos
585 3395 612 3449 A
631 3395 759 3450 dominas
781 3414 798 3452 o
866 3399 1003 3471 nupturae
1018 3394 1059 3449 A¹
1079 3411 1148 3452 corr.

203 3469 244 3518 28,
267 3463 319 3516 viri
338 3464 366 3518 A
385 3464 480 3522 viniv
