2512 3824
392 751 625 826 POMPONII
652 750 819 824 MELAE

582 911 630 957 ΒΕ

308 1034 905 1134 OHOROGRAPHIA

532 1245 630 1311 Liber
652 1245 678 1310 Ι.

72 1421 85 1462 ⁵
188 1405 285 1470 Orbis
309 1405 409 1470 situm
432 1405 537 1469 dicere
556 1403 740 1489 aggredior,
763 1405 956 1488 impeditum
975 1425 1055 1487 opus
1080 1408 1147 1469 etl

98 1493 268 1558 facundiae
296 1493 428 1558 minime
456 1513 558 1576 capax
586 1489 730 1578 (constat
758 1492 844 1556 enim
871 1493 939 1556 fere
967 1492 1113 1577 gentium

97 1583 305 1666 locorumque
327 1581 514 1647 nominibus
533 1583 567 1646 et
589 1601 700 1646 eorum
718 1581 872 1666 perplexo
892 1580 973 1646 satis
992 1579 1112 1665 ordine,

97 1693 191 1756 quem
211 1671 363 1756 persequi
381 1671 481 1757 longa
495 1673 546 1735 est
563 1669 669 1755 magis
688 1691 786 1755 quam
805 1670 947 1756 benigna
960 1668 1112 1755 materia)

96 1781 209 1825 verum
228 1761 329 1844 aspici
347 1763 458 1824 tamen
472 1758 689 1844 cognoscique
708 1759 946 1846 dignissimum,
965 1762 998 1825 et
1017 1759 1112 1844 quod,
1168 1815 1172 1823 .

57 1862 83 1902 1⁰
97 1848 126 1911 si
147 1869 214 1913 non
238 1869 298 1932 ope
316 1848 441 1932 ingenii
459 1847 592 1930 orantis,
615 1850 649 1912 at
671 1847 745 1932 ipsa
768 1847 819 1912 sui
836 1847 1112 1932 contemplatione

96 1935 238 2018 pretium
267 1957 385 2018 operae
408 1934 645 2000 attendentium
669 1936 827 2000 absolvat.
872 1935 979 2000 dicam
1002 1939 1146 2000 autema

96 2023 178 2088 alias
201 2022 297 2106 plura
320 2027 353 2087 et
376 2023 529 2109 exactius,
551 2044 636 2088 nunc
658 2026 695 2086 ut
717 2044 862 2108 quaeque
886 2025 980 2088 erunt
1003 2024 1111 2089 caris·

96 2111 179 2176 sima
206 2115 240 2176 et
266 2111 415 2176 strictim.
464 2133 502 2176 ac
528 2111 635 2195 primo
663 2111 792 2195 quidem
820 2133 904 2196 quae
936 2112 980 2176 sit
1005 2111 1111 2178 forma

95 2200 213 2284 totius,
235 2221 316 2286 quae
340 2199 500 2265 maximae
522 2202 642 2284 partes,
665 2221 729 2284 quo
753 2200 902 2286 singulae
925 2200 1022 2267 modo
1045 2202 1112 2266 sint

56 2302 82 2344 1⁶
96 2292 195 2373 atque
213 2288 402 2356 habitentur
420 2288 598 2372 expediam,
616 2287 731 2353 deinde
750 2311 861 2354 rursus
876 2311 949 2356 oras
965 2290 1110 2355 omnium

95 2380 128 2440 et
150 2377 250 2443 litora
270 2381 308 2441 ut
330 2378 418 2442 intra
441 2381 594 2460 extraque
614 2381 698 2461 sunt,
721 2381 820 2461 atque
839 2381 876 2441 ut
899 2398 938 2442 ea
960 2377 1049 2442 subit
1072 2401 1110 2446 ac

94 2464 279 2530 circumluit
305 2465 456 2549 pelagus,
484 2465 604 2529 additis
628 2485 709 2547 quae
737 2465 773 2529 in
794 2469 913 2530 natura
939 2465 1109 2552 regionum

92 2553 336 2638 incolarumque
362 2552 572 2618 memoranda
599 2557 682 2619 sunt.
727 2552 761 2618 id
784 2576 848 2639 quo
876 2554 1004 2620 facilius
1033 2557 1109 2622 sciri

92 2643 199 2726 possit
223 2646 320 2727 atque
343 2641 458 2729 accipi,
481 2642 580 2726 paulo
604 2642 702 2708 altius
727 2665 853 2708 summa
875 2648 1050 2728 repetetur.

53 2745 80 2786 2⁰
183 2729 286 2796 Omne
312 2731 416 2816 igitur
441 2730 517 2816 hoc,
549 2731 704 2816 quidquid
737 2735 787 2798 est
814 2733 865 2798 cui
898 2732 1010 2797 mundi
1039 2714 1146 2839 cae-9}

92 2819 181 2903 lique
208 2841 326 2885 nomeu
352 2819 542 2905 indidimus,
570 2842 670 2885 unum
697 2820 732 2884 id
759 2824 810 2886 est
833 2825 866 2885 et
893 2843 958 2886 uno
982 2821 1108 2886 ambitu

93 2928 128 2971 se
155 2911 332 2993 cunctaque
360 2909 575 2993 amplectitur.
619 2910 769 2993 partibus
797 2909 917 2995 differt3
943 2909 1028 2974 unde
1057 2911 1107 2977 sol

93 2995 197 3061 oritur
225 2997 331 3062 oriens
359 3001 565 3082 nuncupatur
598 3000 656 3062 aut
683 3001 788 3082 ortus,
820 3019 883 3082 quo
907 2998 1107 3083 demergitur

92 3084 241 3150 occidens
260 3086 311 3150 vel
330 3107 472 3171 occasus,
491 3108 555 3171 qua
573 3084 714 3150 decurrit
732 3085 892 3171 meridies,
911 3087 952 3152 ab
971 3087 1107 3153 adversa

51 3185 78 3228 ²⁶
90 3177 185 3257 parte
213 3175 399 3258 septentrio.
444 3175 520 3241 huic
543 3173 648 3240 medio
671 3177 759 3240 terra
787 3175 935 3241 sublimis
964 3175 1141 3258 cingitur4

164 3372 206 3423 12.
224 3383 299 3422 nunc
317 3367 411 3421 autem
429 3368 462 3420 ut
479 3365 507 3420 A
525 3382 600 3420 nunc
617 3366 654 3420 ut
672 3365 793 3422 Vocatus
864 3371 917 3418 aa.
934 3375 1037 3414 omme
1059 3359 1091 3407 A

140 3463 279 3514 Pomponius
293 3466 362 3508 Mela.
968 3451 994 3496 X
