2512 3824
365 191 547 250 CHOROGR.
566 193 579 246 Ι
599 198 703 248 ra-ro
722 195 848 262 (rr-ss)
1072 193 1113 256 19

96 357 244 442 ignibus,
271 354 366 421 Sidae
393 358 492 439 portu
521 359 554 421 et
576 353 675 419 Tauri
701 356 928 437 promunturio
956 355 1113 440 grandem

98 446 204 510 sinum
227 443 359 509 claudit.
403 443 531 509 Taurus
558 443 628 526 ipse
656 441 697 507 ab
721 442 801 507 Eois
824 443 977 509 litoribus
1005 466 1113 510 exsur·
1132 458 1166 509 81

98 552 177 617 gens
215 537 306 598 vaste
343 533 422 598 satis
460 531 637 614 attollitur,
673 530 747 595 dein
784 531 897 598 dextro
933 532 1036 598 latere
1073 533 1114 598 ad

99 621 364 705 septentrionem,
387 621 521 686 sinistro
545 620 586 685 ad
609 619 780 684 meridiem
799 641 910 685 versus
932 621 960 685 it
978 621 1014 685 in
1032 622 1114 686 occi·

70 709 229 774 edentem
242 712 348 775 rectus
364 713 397 774 et
414 712 571 793 perpetuo
586 708 674 793 iugo,
692 728 951 792 magnarumque
967 709 1115 793 gentium

99 820 164 883 qua
186 798 318 864 dorsum
341 799 413 882 agit
434 798 603 881 terminus,
626 796 683 862 ubi
706 800 811 862 terras
835 797 966 863 diremit
991 798 1058 862 erit
1080 797 1115 862 in

97 887 243 971 pelagus.
288 886 376 951 idem
399 891 509 952 autem
532 889 566 952 et
587 889 688 969 totus,
710 889 748 950 ut
771 886 876 950 dictus
900 888 964 971 est,
987 885 1114 971 dicitur,

98 976 198 1039 etiam
221 997 285 1059 qua
304 977 431 1059 spectat
450 975 616 1058 orientem,
640 973 755 1038 deinde
773 973 958 1039 Haemodes
978 979 1012 1040 st
1030 972 1114 1040 Cau-

98 1083 191 1128 casus
224 1067 257 1128 et
283 1062 498 1148 Propanisus,
529 1067 599 1128 tum
626 1059 765 1145 Caspiae
797 1064 911 1148 pylas,
943 1061 1114 1147 Niphates,

57 1171 82 1210 10
96 1152 270 1216 Armeniae
297 1153 410 1237 pylae,
442 1155 475 1217 et
501 1151 559 1216 ubi
584 1152 652 1216 iam
678 1155 791 1216 nostra
818 1151 922 1216 maria
952 1152 1114 1236 contingit

95 1239 219 1305 Taurus
247 1240 376 1306 iterum.
420 1244 497 1323 post
524 1239 592 1304 eius
623 1239 885 1322 promunturium
915 1240 1036 1305 flumen
1063 1244 1113 1306 est
1132 1255 1166 1303 82

94 1327 230 1412 Limyra
253 1332 287 1392 et
310 1328 423 1393 eodem
445 1327 576 1392 nomine
600 1327 730 1412 civitas,
753 1332 850 1413 atque
874 1332 910 1393 ut
928 1329 1033 1394 multa
1056 1351 1113 1412 op-

94 1417 172 1498 pida
190 1416 237 1480 sic
254 1420 383 1498 praeter
401 1415 554 1481 Pataram
571 1437 638 1480 non
656 1416 816 1482 inlustria.
856 1417 950 1480 illam
968 1417 1112 1481 nobilem

95 1503 175 1567 facit
188 1503 358 1568 delubrum
372 1504 536 1588 Apollinis
551 1503 715 1587 quondam
730 1505 846 1587 opibus
861 1510 894 1568 et
909 1505 1032 1569 oraculi
1049 1505 1112 1568 fide

56 1608 82 1648 1⁵
96 1589 256 1675 Delphico
267 1591 382 1658 simile.
403 1593 490 1656 ultra
500 1595 550 1657 est
558 1590 709 1657 Xanthus
718 1591 839 1656 flumen
849 1596 887 1673 et
895 1591 1046 1658 Xanthos
1056 1616 1112 1677 op-

94 1679 218 1764 pidum,
232 1702 325 1745 mons
335 1678 460 1766 Cragus
475 1685 507 1746 et
522 1702 603 1765 quac
617 1679 751 1763 Lyciam
760 1681 834 1745 finit
847 1681 926 1745 urbs
936 1681 1111 1747 Telmesos.

185 1767 282 1834 Caria
309 1769 465 1853 sequitur.
509 1767 662 1834 habitant
689 1769 831 1834 incertae
860 1769 1007 1855 originis.
1053 1771 1111 1836 alii
1124 1747 1164 1874 18}

95 1856 275 1942 indigenas,
294 1863 369 1922 sunt
383 1858 439 1943 qui
452 1856 618 1944 Pelasgos,
638 1858 768 1942 quidam
783 1855 897 1923 Cretas
913 1859 1111 1926 existimant.

95 1965 198 2028 genus
221 1967 322 2028 usque
346 1967 383 2010 eo
408 1946 570 2030 quondam
593 1967 758 2010 armorum
781 1967 974 2031 pugnaeque
998 1970 1110 2012 amans

53 2051 81 2090 20
94 2037 131 2097 ut
150 2033 256 2097 aliena
276 2034 376 2097 etiam
395 2034 483 2098 bella
501 2033 702 2098 mercedibus
723 2039 866 2117 agerent.
902 2034 956 2098 hic
975 2037 1111 2100 castella

92 2125 169 2186 sunt
187 2121 325 2206 aliquot,
348 2121 423 2186 dein
445 2121 671 2205 promunturia
695 2122 757 2186 duo
781 2121 940 2188 Pedalion
963 2127 996 2187 et
1017 2121 1110 2208 Crya,

91 2214 124 2274 et
147 2209 321 2274 secundum
346 2207 475 2275 Calbim
499 2232 628 2275 amnem
652 2208 782 2275 Caunus
806 2210 960 2294 oppidum
987 2212 1107 2278 valetu-

90 2298 163 2363 dine
186 2298 408 2364 habitantium
432 2299 562 2363 infame.
607 2298 682 2363 inde
706 2298 746 2363 ad
769 2297 1007 2366 Halicarnason
1028 2301 1109 2367 haec
1128 2315 1162 2364 84

89 2386 211 2452 iacent:
233 2386 437 2453 Rhodiorum
457 2388 581 2471 aliquot
600 2387 756 2470 coloniae,
779 2392 893 2470 portus
912 2389 986 2472 duo,
1009 2386 1108 2454 Gelos

49 2491 76 2532 25
91 2478 125 2539 et
143 2476 194 2541 cui
208 2496 248 2539 ex
265 2476 344 2540 urbe
364 2498 462 2559 quam
482 2475 689 2558 amplectitur
704 2474 916 2558 Thyssanusa
929 2496 1109 2560 cognomen

91 2567 155 2646 est,
178 2563 264 2627 inter
287 2584 342 2627 eos
366 2563 520 2646 oppidum
542 2562 707 2626 Larumna
733 2567 765 2627 et
783 2562 933 2629 Pandion
956 2565 1049 2630 collis
1072 2567 1108 2630 in

89 2673 179 2716 mare
208 2651 357 2736 emissus,
385 2655 455 2716 tum
484 2655 551 2716 tres
580 2673 620 2716 ex
647 2649 762 2716 ordine
790 2651 894 2736 sinus,
928 2652 1106 2738 Thymnias

90 2738 255 2806 Schoenus
278 2740 454 2825 Bubasius3
484 2739 665 2824 Thymnias
693 2741 955 2823 promunturium
978 2741 1106 2827 Aphro-

90 2828 208 2894 disium
232 2833 291 2915 est,
314 2827 478 2896 Schoenus
502 2829 606 2894 ambit
624 2827 756 2913 Hylam,
779 2829 943 2896 Bubasius
963 2830 1105 2915 Cyrnon.

161 3043 184 3099 2.
201 3037 259 3091 eois
270 3040 309 3093 A¹
319 3055 401 3094 corr.—
432 3045 457 3093 2.
467 3046 492 3094 3.
508 3055 657 3109 exsurgens
667 3038 708 3092 A¹
723 3055 859 3109 exurgens
874 3040 915 3095 A²
958 3046 981 3094 6.
998 3040 1105 3096 dirimit

88 3109 115 3163 A
131 3106 245 3162 diremit
262 3125 282 3164 a
316 3117 366 3168 ,8.
378 3109 539 3182 florientem
553 3110 580 3164 A
646 3116 687 3164 12.
702 3109 812 3179 lymyra
829 3112 856 3165 A
917 3117 957 3166 13.
974 3111 1104 3166 inlustria

88 3178 129 3234 A¹
153 3177 276 3234 illustria
293 3179 335 3233 A²
407 3179 593 3235 ramentis
611 3180 639 3234 A
716 3188 757 3236 16.
777 3180 889 3251 gracias
912 3183 939 3236 A
958 3181 1103 3250 Craguso

142 3248 295 3322 <urb>sA
351 3251 500 3307 12.etA¹
520 3250 608 3306 eoA²
662 3257 704 3306 21.
725 3251 907 3320 cytriaACr
927 3253 1104 3308 aBorborus

89 3368 92 3373 .
159 3328 201 3378 22.
220 3321 337 3392 galbian
354 3323 382 3376 A
402 3321 512 3377 Calbim
524 3322 670 3378 Barbarus
741 3330 784 3378 24.
803 3272 924 3391 aliquod
935 3323 976 3376 A¹
995 3322 1104 3390 aliquot

88 3392 129 3447 Al
205 3399 248 3450 28.
270 3391 420 3448 bubaesius
444 3395 471 3450 A
496 3392 630 3449 Bubasius
657 3395 756 3463 carpsi
805 3400 879 3453 ,22
903 3392 1057 3446 bubaesius
1083 3398 1113 3444 a

158 3480 263 3532 crynon
280 3467 308 3520 A
328 3464 439 3533 Cyrnon
457 3464 584 3521 Broraiuu

939 3546 984 3596 <2:³1-
