<?xml version="1.0" encoding="UTF-8"?>
<!DOCTYPE html PUBLIC "-//W3C//DTD XHTML 1.0 Transitional//EN"
    "http://www.w3.org/TR/xhtml1/DTD/xhtml1-transitional.dtd">
<html xmlns="http://www.w3.org/1999/xhtml" xml:lang="en" lang="en">
 <head>
  <title>
</title>
<meta http-equiv="Content-Type" content="text/html;charset=utf-8" />
  <meta name='ocr-system' content='tesseract 3.04.00' />
  <meta name='ocr-capabilities' content='ocr_page ocr_carea ocr_par ocr_line ocrx_word'/>
</head>
<body>
  <div class='ocr_page' id='page_1' title='image "./pomponiimelaede08melagoog_0038.png"; bbox 0 0 2512 3824; ppageno 0'>
   <div class='ocr_carea' id='block_1_1' title="bbox 355 182 1130 254">
    <p class='ocr_par' dir='ltr' id='par_1_1' title="bbox 355 182 1130 254">
     <span class='ocr_line' id='line_1_1' title="bbox 355 182 1130 254; baseline 0.017 -17"><span class='ocrx_word' id='word_1_1' title='bbox 355 182 537 238; x_wconf 75' lang='lat' dir='ltr'><strong>oHouoeR.</strong></span> <span class='ocrx_word' id='word_1_2' title='bbox 556 184 569 238; x_wconf 91' lang='lat'><strong>1</strong></span> <span class='ocrx_word' id='word_1_3' title='bbox 589 189 630 238; x_wconf 83' lang='lat' dir='ltr'><strong>ro.</strong></span> <span class='ocrx_word' id='word_1_4' title='bbox 650 188 693 239; x_wconf 75' lang='grc' dir='ltr'><strong>ιτ.</strong></span> <span class='ocrx_word' id='word_1_5' title='bbox 713 188 747 238; x_wconf 87' lang='lat' dir='ltr'><strong>1e</strong></span> <span class='ocrx_word' id='word_1_6' title='bbox 766 185 895 254; x_wconf 76' lang='lat' dir='ltr'><strong>(ee-er)</strong></span> <span class='ocrx_word' id='word_1_7' title='bbox 1088 182 1130 249; x_wconf 84' lang='grc'><strong>21</strong></span> 
     </span>
    </p>
   </div>
   <div class='ocr_carea' id='block_1_2' title="bbox 53 325 1189 2637">
    <p class='ocr_par' dir='ltr' id='par_1_2' title="bbox 88 325 1187 696">
     <span class='ocr_line' id='line_1_2' title="bbox 88 325 1133 432; baseline 0.002 -20"><span class='ocrx_word' id='word_1_8' title='bbox 88 325 106 373; x_wconf 65' lang='lat' dir='ltr'><em>s</em></span> <span class='ocrx_word' id='word_1_9' title='bbox 115 348 257 414; x_wconf 79' lang='lat' dir='ltr'><strong>uictores</strong></span> <span class='ocrx_word' id='word_1_10' title='bbox 284 345 516 412; x_wconf 77' lang='lat' dir='ltr'><strong>Thebanorum</strong></span> <span class='ocrx_word' id='word_1_11' title='bbox 543 343 726 430; x_wconf 78' lang='lat' dir='ltr'>Epigonos,</span> <span class='ocrx_word' id='word_1_12' title='bbox 755 349 788 412; x_wconf 90' lang='lat' dir='ltr'><strong>et</strong></span> <span class='ocrx_word' id='word_1_13' title='bbox 815 342 1001 430; x_wconf 76' lang='lat' dir='ltr'><strong>Colophon,</strong></span> <span class='ocrx_word' id='word_1_14' title='bbox 1035 368 1133 432; x_wconf 90' lang='lat' dir='ltr'><strong>quam</strong></span> 
     </span>
     <span class='ocr_line' id='line_1_3' title="bbox 114 431 1187 520; baseline -0.003 -18"><span class='ocrx_word' id='word_1_15' title='bbox 114 434 251 520; x_wconf 82' lang='lat' dir='ltr'><strong>Mopsus</strong></span> <span class='ocrx_word' id='word_1_16' title='bbox 283 434 428 500; x_wconf 86' lang='lat' dir='ltr'><strong>eiusdem</strong></span> <span class='ocrx_word' id='word_1_17' title='bbox 454 431 587 512; x_wconf 86' lang='lat' dir='ltr'><strong>Mantus</strong></span> <span class='ocrx_word' id='word_1_18' title='bbox 619 433 706 501; x_wconf 88' lang='lat' dir='ltr'><strong>filius</strong></span> <span class='ocrx_word' id='word_1_19' title='bbox 739 434 864 500; x_wconf 87' lang='lat' dir='ltr'><strong>statuit.</strong></span> <span class='ocrx_word' id='word_1_20' title='bbox 913 437 949 500; x_wconf 91' lang='lat' dir='ltr'><strong>at</strong></span> <span class='ocrx_word' id='word_1_21' title='bbox 979 455 1134 520; x_wconf 90' lang='lat' dir='ltr'><strong>promun·</strong></span> <span class='ocrx_word' id='word_1_22' title='bbox 1153 449 1187 499; x_wconf 79' lang='lat' dir='ltr'><strong>aa</strong></span> 
     </span>
     <span class='ocr_line' id='line_1_4' title="bbox 114 521 1134 607; baseline 0 -17"><span class='ocrx_word' id='word_1_23' title='bbox 114 525 239 590; x_wconf 90' lang='lat' dir='ltr'><strong>turium</strong></span> <span class='ocrx_word' id='word_1_24' title='bbox 268 544 333 607; x_wconf 89' lang='lat' dir='ltr'><strong>quo</strong></span> <span class='ocrx_word' id='word_1_25' title='bbox 357 521 446 587; x_wconf 89' lang='lat' dir='ltr'><strong>sinus</strong></span> <span class='ocrx_word' id='word_1_26' title='bbox 470 521 646 606; x_wconf 77' lang='lat' dir='ltr'><strong>clauditur,</strong></span> <span class='ocrx_word' id='word_1_27' title='bbox 673 522 760 607; x_wconf 87' lang='lat' dir='ltr'><strong>quod</strong></span> <span class='ocrx_word' id='word_1_28' title='bbox 783 522 888 588; x_wconf 89' lang='lat' dir='ltr'><strong>altera</strong></span> <span class='ocrx_word' id='word_1_29' title='bbox 915 527 1009 607; x_wconf 89' lang='lat' dir='ltr'><strong>parte</strong></span> <span class='ocrx_word' id='word_1_30' title='bbox 1033 525 1134 590; x_wconf 89' lang='lat' dir='ltr'><strong>alium</strong></span> 
     </span>
     <span class='ocr_line' id='line_1_5' title="bbox 116 609 1133 696; baseline 0.004 -19"><span class='ocrx_word' id='word_1_31' title='bbox 116 633 213 696; x_wconf 88' lang='lat' dir='ltr'><strong>quem</strong></span> <span class='ocrx_word' id='word_1_32' title='bbox 228 609 441 696; x_wconf 80' lang='lat' dir='ltr'><strong>Smyrnaeum</strong></span> <span class='ocrx_word' id='word_1_33' title='bbox 459 614 579 677; x_wconf 87' lang='lat' dir='ltr'><strong>vocant</strong></span> <span class='ocrx_word' id='word_1_34' title='bbox 597 610 706 695; x_wconf 81' lang='lat' dir='ltr'><strong>efficit,</strong></span> <span class='ocrx_word' id='word_1_35' title='bbox 725 611 937 696; x_wconf 80' lang='lat' dir='ltr'><strong>angustisque</strong></span> <span class='ocrx_word' id='word_1_36' title='bbox 955 613 1133 680; x_wconf 79' lang='lat' dir='ltr'><strong>cervicibus</strong></span> 
     </span>
    </p>

    <p class='ocr_par' dir='ltr' id='par_1_3' title="bbox 88 699 1137 1138">
     <span class='ocr_line' id='line_1_6' title="bbox 88 699 1134 785; baseline 0.005 -22"><span class='ocrx_word' id='word_1_37' title='bbox 88 701 244 785; x_wconf 82' lang='lat' dir='ltr'><strong>sreliqua</strong></span> <span class='ocrx_word' id='word_1_38' title='bbox 263 699 407 766; x_wconf 83' lang='lat' dir='ltr'><strong>extendit</strong></span> <span class='ocrx_word' id='word_1_39' title='bbox 425 700 460 764; x_wconf 90' lang='lat' dir='ltr'><strong>in</strong></span> <span class='ocrx_word' id='word_1_40' title='bbox 478 699 588 783; x_wconf 84' lang='lat' dir='ltr'><strong>latius,</strong></span> <span class='ocrx_word' id='word_1_41' title='bbox 607 699 678 764; x_wconf 88' lang='lat' dir='ltr'><strong>abit</strong></span> <span class='ocrx_word' id='word_1_42' title='bbox 694 701 729 764; x_wconf 93' lang='lat' dir='ltr'><strong>in</strong></span> <span class='ocrx_word' id='word_1_43' title='bbox 746 699 990 784; x_wconf 87' lang='lat' dir='ltr'><strong>paeneinsulae</strong></span> <span class='ocrx_word' id='word_1_44' title='bbox 1007 699 1134 768; x_wconf 80' lang='lat' dir='ltr'><strong>faeiem.</strong></span> 
     </span>
     <span class='ocr_line' id='line_1_7' title="bbox 117 785 1136 875; baseline 0.002 -21"><span class='ocrx_word' id='word_1_45' title='bbox 117 810 215 874; x_wconf 88' lang='lat' dir='ltr'><strong>super</strong></span> <span class='ocrx_word' id='word_1_46' title='bbox 230 789 402 874; x_wconf 77' lang='lat' dir='ltr'><strong>angustias</strong></span> <span class='ocrx_word' id='word_1_47' title='bbox 419 787 496 853; x_wconf 90' lang='lat' dir='ltr'><strong>hinc</strong></span> <span class='ocrx_word' id='word_1_48' title='bbox 510 787 593 853; x_wconf 83' lang='lat' dir='ltr'><strong>Teos</strong></span> <span class='ocrx_word' id='word_1_49' title='bbox 612 788 706 855; x_wconf 87' lang='lat' dir='ltr'><strong>illine</strong></span> <span class='ocrx_word' id='word_1_50' title='bbox 720 785 944 872; x_wconf 76' lang='lat' dir='ltr'><strong>Clazomenae,</strong></span> <span class='ocrx_word' id='word_1_51' title='bbox 962 811 1027 874; x_wconf 91' lang='lat' dir='ltr'><strong>qua</strong></span> <span class='ocrx_word' id='word_1_52' title='bbox 1040 793 1136 875; x_wconf 82' lang='lat' dir='ltr'><strong>terga</strong></span> 
     </span>
     <span class='ocr_line' id='line_1_8' title="bbox 116 876 1137 963; baseline 0.001 -20"><span class='ocrx_word' id='word_1_53' title='bbox 116 880 219 963; x_wconf 83' lang='lat' dir='ltr'><strong>agunt</strong></span> <span class='ocrx_word' id='word_1_54' title='bbox 238 877 378 943; x_wconf 87' lang='lat' dir='ltr'><strong>confinio</strong></span> <span class='ocrx_word' id='word_1_55' title='bbox 393 877 538 943; x_wconf 84' lang='lat' dir='ltr'><strong>adnexae</strong></span> <span class='ocrx_word' id='word_1_56' title='bbox 555 876 650 961; x_wconf 86' lang='lat' dir='ltr'><strong>muri,</strong></span> <span class='ocrx_word' id='word_1_57' title='bbox 668 877 805 943; x_wconf 83' lang='lat' dir='ltr'><strong>diversis</strong></span> <span class='ocrx_word' id='word_1_58' title='bbox 824 877 989 943; x_wconf 85' lang='lat' dir='ltr'><strong>frontibus</strong></span> <span class='ocrx_word' id='word_1_59' title='bbox 1009 878 1137 945; x_wconf 84' lang='lat' dir='ltr'><strong>diversa</strong></span> 
     </span>
     <span class='ocr_line' id='line_1_9' title="bbox 116 964 1136 1138; baseline 0.001 -18"><span class='ocrx_word' id='word_1_60' title='bbox 116 966 469 1138; x_wconf 64' lang='lat' dir='ltr'><strong>suasus·</strong></span> <span class='ocrx_word' id='word_1_61' title='bbox 483 966 897 1120; x_wconf 50' lang='lat' dir='ltr'><strong>..iusserant</strong></span> <span class='ocrx_word' id='word_1_62' title='bbox 920 964 1136 1121; x_wconf 54' lang='lat' dir='ltr'><strong>Aua·</strong></span> 
     </span>
    </p>

    <p class='ocr_par' dir='ltr' id='par_1_4' title="bbox 76 1104 1138 1209">
     <span class='ocr_line' id='line_1_10' title="bbox 1128 1104 1138 1138; baseline 0 0"><span class='ocrx_word' id='word_1_63' title='bbox 1128 1104 1138 1138; x_wconf 72' lang='grc'><strong><em>1</em></strong></span> 
     </span>
     <span class='ocr_line' id='line_1_11' title="bbox 76 1141 673 1209; baseline 0.008 -6"><span class='ocrx_word' id='word_1_64' title='bbox 76 1165 103 1204; x_wconf 88' lang='grc' dir='ltr'><strong>ιο</strong></span> <span class='ocrx_word' id='word_1_65' title='bbox 118 1147 211 1209; x_wconf 84' lang='lat' dir='ltr'><strong>extra</strong></span> <span class='ocrx_word' id='word_1_66' title='bbox 233 1143 384 1209; x_wconf 88' lang='lat' dir='ltr'><strong>Phocaea</strong></span> <span class='ocrx_word' id='word_1_67' title='bbox 406 1141 523 1208; x_wconf 86' lang='lat' dir='ltr'><strong>Joniae</strong></span> <span class='ocrx_word' id='word_1_68' title='bbox 545 1143 673 1209; x_wconf 87' lang='lat' dir='ltr'><strong>ultima.</strong></span> 
     </span>
    </p>

    <p class='ocr_par' dir='ltr' id='par_1_5' title="bbox 115 1207 1189 1580">
     <span class='ocr_line' id='line_1_12' title="bbox 205 1207 1189 1334; baseline -0.001 -37"><span class='ocrx_word' id='word_1_69' title='bbox 205 1231 362 1298; x_wconf 84' lang='lat' dir='ltr'><strong>Proxima</strong></span> <span class='ocrx_word' id='word_1_70' title='bbox 387 1231 492 1315; x_wconf 79' lang='lat' dir='ltr'><strong>regio,</strong></span> <span class='ocrx_word' id='word_1_71' title='bbox 523 1253 564 1296; x_wconf 87' lang='lat' dir='ltr'><strong>cx</strong></span> <span class='ocrx_word' id='word_1_72' title='bbox 592 1253 655 1315; x_wconf 92' lang='lat' dir='ltr'><strong>quo</strong></span> <span class='ocrx_word' id='word_1_73' title='bbox 689 1232 730 1296; x_wconf 90' lang='lat' dir='ltr'><strong>ah</strong></span> <span class='ocrx_word' id='word_1_74' title='bbox 759 1230 872 1296; x_wconf 90' lang='lat' dir='ltr'><strong>Aeolis</strong></span> <span class='ocrx_word' id='word_1_75' title='bbox 899 1229 1000 1297; x_wconf 90' lang='lat' dir='ltr'><strong>incoli</strong></span> <span class='ocrx_word' id='word_1_76' title='bbox 1028 1231 1135 1314; x_wconf 91' lang='lat' dir='ltr'><strong>coepit</strong></span> <span class='ocrx_word' id='word_1_77' title='bbox 1148 1207 1189 1334; x_wconf 58' lang='lat'><strong>19}</strong></span> 
     </span>
     <span class='ocr_line' id='line_1_13' title="bbox 115 1316 1134 1404; baseline -0.001 -19"><span class='ocrx_word' id='word_1_78' title='bbox 115 1318 228 1385; x_wconf 89' lang='lat' dir='ltr'><strong>Aeolis</strong></span> <span class='ocrx_word' id='word_1_79' title='bbox 254 1320 355 1402; x_wconf 82' lang='lat' dir='ltr'><strong>facta,</strong></span> <span class='ocrx_word' id='word_1_80' title='bbox 388 1323 463 1383; x_wconf 89' lang='lat' dir='ltr'><strong>ante</strong></span> <span class='ocrx_word' id='word_1_81' title='bbox 490 1316 611 1404; x_wconf 85' lang='lat' dir='ltr'><strong>Mysia,</strong></span> <span class='ocrx_word' id='word_1_82' title='bbox 643 1323 675 1384; x_wconf 93' lang='lat' dir='ltr'><strong>et</strong></span> <span class='ocrx_word' id='word_1_83' title='bbox 708 1342 772 1404; x_wconf 92' lang='lat' dir='ltr'><strong>qua</strong></span> <span class='ocrx_word' id='word_1_84' title='bbox 798 1319 1050 1403; x_wconf 78' lang='lat' dir='ltr'><strong>Hellespontum</strong></span> <span class='ocrx_word' id='word_1_85' title='bbox 1080 1320 1134 1384; x_wconf 90' lang='lat' dir='ltr'><strong>ad·</strong></span> 
     </span>
     <span class='ocr_line' id='line_1_14' title="bbox 115 1407 1135 1492; baseline 0.001 -21"><span class='ocrx_word' id='word_1_86' title='bbox 115 1408 236 1491; x_wconf 85' lang='lat' dir='ltr'><strong>tingit,</strong></span> <span class='ocrx_word' id='word_1_87' title='bbox 273 1407 425 1472; x_wconf 82' lang='lat' dir='ltr'><strong>Troianis</strong></span> <span class='ocrx_word' id='word_1_88' title='bbox 457 1407 701 1491; x_wconf 81' lang='lat' dir='ltr'><strong>possidentibus</strong></span> <span class='ocrx_word' id='word_1_89' title='bbox 733 1407 835 1474; x_wconf 85' lang='lat' dir='ltr'><strong>Troas</strong></span> <span class='ocrx_word' id='word_1_90' title='bbox 867 1408 941 1473; x_wconf 83' lang='lat' dir='ltr'><strong>fuit.</strong></span> <span class='ocrx_word' id='word_1_91' title='bbox 994 1409 1135 1492; x_wconf 88' lang='lat' dir='ltr'><strong>primam</strong></span> 
     </span>
     <span class='ocr_line' id='line_1_15' title="bbox 116 1494 1136 1580; baseline 0.002 -21"><span class='ocrx_word' id='word_1_92' title='bbox 116 1495 247 1559; x_wconf 87' lang='lat' dir='ltr'><strong>urbium</strong></span> <span class='ocrx_word' id='word_1_93' title='bbox 277 1517 297 1560; x_wconf 91' lang='lat' dir='ltr'><strong>a</strong></span> <span class='ocrx_word' id='word_1_94' title='bbox 318 1494 448 1578; x_wconf 90' lang='lat' dir='ltr'><strong>Myrino</strong></span> <span class='ocrx_word' id='word_1_95' title='bbox 472 1495 637 1563; x_wconf 89' lang='lat' dir='ltr'><strong>conditore</strong></span> <span class='ocrx_word' id='word_1_96' title='bbox 659 1495 822 1580; x_wconf 83' lang='lat' dir='ltr'><strong>Myrinam</strong></span> <span class='ocrx_word' id='word_1_97' title='bbox 845 1500 977 1575; x_wconf 81' lang='lat' dir='ltr'><strong>vocant,</strong></span> <span class='ocrx_word' id='word_1_98' title='bbox 1003 1517 1136 1579; x_wconf 88' lang='lat' dir='ltr'><strong>sequen·</strong></span> 
     </span>
    </p>

    <p class='ocr_par' dir='ltr' id='par_1_6' title="bbox 77 1581 1136 1757">
     <span class='ocr_line' id='line_1_16' title="bbox 77 1581 1135 1667; baseline 0.003 -22"><span class='ocrx_word' id='word_1_99' title='bbox 77 1604 103 1644; x_wconf 80' lang='lat' dir='ltr'><strong>rs</strong></span> <span class='ocrx_word' id='word_1_100' title='bbox 117 1587 184 1647; x_wconf 85' lang='lat' dir='ltr'><strong>tem</strong></span> <span class='ocrx_word' id='word_1_101' title='bbox 198 1583 317 1666; x_wconf 90' lang='lat' dir='ltr'><strong>Pelops</strong></span> <span class='ocrx_word' id='word_1_102' title='bbox 337 1584 464 1667; x_wconf 89' lang='lat' dir='ltr'><strong>statuit,</strong></span> <span class='ocrx_word' id='word_1_103' title='bbox 482 1584 569 1648; x_wconf 87' lang='lat' dir='ltr'><strong>victo</strong></span> <span class='ocrx_word' id='word_1_104' title='bbox 584 1582 751 1650; x_wconf 83' lang='lat' dir='ltr'><strong>Oenomao</strong></span> <span class='ocrx_word' id='word_1_105' title='bbox 765 1605 913 1651; x_wconf 80' lang='lat' dir='ltr'><strong>reuersus</strong></span> <span class='ocrx_word' id='word_1_106' title='bbox 933 1605 972 1648; x_wconf 87' lang='lat' dir='ltr'><strong>ex</strong></span> <span class='ocrx_word' id='word_1_107' title='bbox 987 1581 1135 1667; x_wconf 80' lang='lat' dir='ltr'><strong>Graecia3</strong></span> 
     </span>
     <span class='ocr_line' id='line_1_17' title="bbox 117 1668 1136 1757; baseline 0.001 -21"><span class='ocrx_word' id='word_1_108' title='bbox 117 1668 242 1755; x_wconf 88' lang='lat' dir='ltr'><strong>Cymen</strong></span> <span class='ocrx_word' id='word_1_109' title='bbox 269 1671 452 1736; x_wconf 87' lang='lat' dir='ltr'><strong>nominavit</strong></span> <span class='ocrx_word' id='word_1_110' title='bbox 477 1671 583 1755; x_wconf 91' lang='lat' dir='ltr'><strong>pulsis</strong></span> <span class='ocrx_word' id='word_1_111' title='bbox 611 1672 674 1757; x_wconf 88' lang='lat' dir='ltr'><strong>qui</strong></span> <span class='ocrx_word' id='word_1_112' title='bbox 689 1671 922 1738; x_wconf 81' lang='lat' dir='ltr'><strong>habitaverant</strong></span> <span class='ocrx_word' id='word_1_113' title='bbox 949 1671 1014 1736; x_wconf 87' lang='lat' dir='ltr'><strong>dux</strong></span> <span class='ocrx_word' id='word_1_114' title='bbox 1037 1670 1136 1737; x_wconf 92' lang='lat' dir='ltr'><strong>Ama-</strong></span> 
     </span>
    </p>

    <p class='ocr_par' dir='ltr' id='par_1_7' title="bbox 53 1757 1187 2020">
     <span class='ocr_line' id='line_1_18' title="bbox 53 1757 1135 1844; baseline 0.002 -20"><span class='ocrx_word' id='word_1_115' title='bbox 53 1761 55 1765; x_wconf 75' lang='grc'>’</span> <span class='ocrx_word' id='word_1_116' title='bbox 115 1781 233 1825; x_wconf 86' lang='lat' dir='ltr'><strong>zonum</strong></span> <span class='ocrx_word' id='word_1_117' title='bbox 256 1757 369 1844; x_wconf 86' lang='lat' dir='ltr'><strong>Cyme.</strong></span> <span class='ocrx_word' id='word_1_118' title='bbox 414 1782 512 1844; x_wconf 91' lang='lat' dir='ltr'><strong>supra</strong></span> <span class='ocrx_word' id='word_1_119' title='bbox 536 1757 652 1826; x_wconf 88' lang='lat' dir='ltr'><strong>Caicus</strong></span> <span class='ocrx_word' id='word_1_120' title='bbox 680 1761 767 1827; x_wconf 85' lang='lat' dir='ltr'><strong>inter</strong></span> <span class='ocrx_word' id='word_1_121' title='bbox 789 1760 915 1827; x_wconf 80' lang='lat' dir='ltr'><strong>Elaean</strong></span> <span class='ocrx_word' id='word_1_122' title='bbox 938 1760 1080 1826; x_wconf 73' lang='lat' dir='ltr'><strong>decurrit</strong></span> <span class='ocrx_word' id='word_1_123' title='bbox 1102 1764 1135 1829; x_wconf 90' lang='lat' dir='ltr'><strong>et</strong></span> 
     </span>
     <span class='ocr_line' id='line_1_19' title="bbox 115 1847 1134 1934; baseline 0.002 -23"><span class='ocrx_word' id='word_1_124' title='bbox 115 1847 264 1932; x_wconf 79' lang='lat' dir='ltr'><strong>Pitanen,</strong></span> <span class='ocrx_word' id='word_1_125' title='bbox 286 1849 381 1914; x_wconf 88' lang='lat' dir='ltr'><strong>illam</strong></span> <span class='ocrx_word' id='word_1_126' title='bbox 405 1870 487 1932; x_wconf 90' lang='lat' dir='ltr'><strong>quae</strong></span> <span class='ocrx_word' id='word_1_127' title='bbox 510 1849 682 1915; x_wconf 82' lang='lat' dir='ltr'><strong>Arcesilan</strong></span> <span class='ocrx_word' id='word_1_128' title='bbox 705 1850 799 1934; x_wconf 88' lang='lat' dir='ltr'><strong>tulit,</strong></span> <span class='ocrx_word' id='word_1_129' title='bbox 822 1849 907 1917; x_wconf 90' lang='lat' dir='ltr'><strong>nihil</strong></span> <span class='ocrx_word' id='word_1_130' title='bbox 931 1849 1134 1915; x_wconf 88' lang='lat' dir='ltr'><strong>adfirmantis</strong></span> 
     </span>
     <span class='ocr_line' id='line_1_20' title="bbox 116 1936 1187 2020; baseline -0.001 -20"><span class='ocrx_word' id='word_1_131' title='bbox 116 1936 300 2002; x_wconf 77' lang='lat' dir='ltr'><strong>academiae</strong></span> <span class='ocrx_word' id='word_1_132' title='bbox 329 1937 547 2002; x_wconf 91' lang='lat' dir='ltr'><strong>clarissimum</strong></span> <span class='ocrx_word' id='word_1_133' title='bbox 575 1939 768 2003; x_wconf 87' lang='lat' dir='ltr'><strong>antistitem.</strong></span> <span class='ocrx_word' id='word_1_134' title='bbox 818 1942 889 2002; x_wconf 89' lang='lat' dir='ltr'><strong>tum</strong></span> <span class='ocrx_word' id='word_1_135' title='bbox 921 1937 957 2001; x_wconf 90' lang='lat' dir='ltr'><strong>iu</strong></span> <span class='ocrx_word' id='word_1_136' title='bbox 983 1959 1135 2020; x_wconf 88' lang='lat' dir='ltr'><strong>promun·</strong></span> <span class='ocrx_word' id='word_1_137' title='bbox 1154 1951 1187 2000; x_wconf 83' lang='lat'><strong>91</strong></span> 
     </span>
    </p>

    <p class='ocr_par' dir='ltr' id='par_1_8' title="bbox 75 2022 1135 2463">
     <span class='ocr_line' id='line_1_21' title="bbox 75 2022 1134 2109; baseline 0.004 -25"><span class='ocrx_word' id='word_1_138' title='bbox 75 2025 202 2089; x_wconf 81' lang='lat' dir='ltr'><strong>asturio</strong></span> <span class='ocrx_word' id='word_1_139' title='bbox 227 2030 278 2090; x_wconf 91' lang='lat' dir='ltr'><strong>est</strong></span> <span class='ocrx_word' id='word_1_140' title='bbox 297 2022 392 2108; x_wconf 87' lang='lat' dir='ltr'><strong>Cyna</strong></span> <span class='ocrx_word' id='word_1_141' title='bbox 410 2025 576 2108; x_wconf 82' lang='lat' dir='ltr'><strong>oppidum,</strong></span> <span class='ocrx_word' id='word_1_142' title='bbox 599 2026 686 2109; x_wconf 90' lang='lat' dir='ltr'><strong>quod</strong></span> <span class='ocrx_word' id='word_1_143' title='bbox 708 2029 948 2108; x_wconf 71' lang='lat' dir='ltr'><strong>praetervectos</strong></span> <span class='ocrx_word' id='word_1_144' title='bbox 972 2026 1063 2090; x_wconf 91' lang='lat' dir='ltr'><strong>sinus</strong></span> <span class='ocrx_word' id='word_1_145' title='bbox 1083 2047 1134 2090; x_wconf 84' lang='lat' dir='ltr'><strong>ex-</strong></span> 
     </span>
     <span class='ocr_line' id='line_1_22' title="bbox 117 2108 1134 2196; baseline 0.002 -20"><span class='ocrx_word' id='word_1_146' title='bbox 117 2112 197 2195; x_wconf 89' lang='lat' dir='ltr'><strong>cipit</strong></span> <span class='ocrx_word' id='word_1_147' title='bbox 218 2133 286 2178; x_wconf 91' lang='lat' dir='ltr'><strong>nou</strong></span> <span class='ocrx_word' id='word_1_148' title='bbox 308 2134 433 2196; x_wconf 63' lang='lat' dir='ltr'><strong>parvos,</strong></span> <span class='ocrx_word' id='word_1_149' title='bbox 450 2108 506 2176; x_wconf 89' lang='lat' dir='ltr'><strong>sed</strong></span> <span class='ocrx_word' id='word_1_150' title='bbox 528 2113 628 2196; x_wconf 80' lang='lat' dir='ltr'><strong>longe</strong></span> <span class='ocrx_word' id='word_1_151' title='bbox 652 2134 689 2178; x_wconf 92' lang='lat' dir='ltr'><strong>ac</strong></span> <span class='ocrx_word' id='word_1_152' title='bbox 717 2113 863 2178; x_wconf 91' lang='lat' dir='ltr'><strong>molliter</strong></span> <span class='ocrx_word' id='word_1_153' title='bbox 890 2113 1006 2196; x_wconf 85' lang='lat' dir='ltr'><strong>flexus,</strong></span> <span class='ocrx_word' id='word_1_154' title='bbox 1033 2117 1134 2178; x_wconf 88' lang='lat' dir='ltr'><strong>retra·</strong></span> 
     </span>
     <span class='ocr_line' id='line_1_23' title="bbox 115 2199 1135 2285; baseline 0.002 -20"><span class='ocrx_word' id='word_1_155' title='bbox 115 2199 260 2284; x_wconf 88' lang='lat' dir='ltr'><strong>hensque</strong></span> <span class='ocrx_word' id='word_1_156' title='bbox 291 2201 452 2285; x_wconf 89' lang='lat' dir='ltr'><strong>paulatim</strong></span> <span class='ocrx_word' id='word_1_157' title='bbox 484 2222 557 2266; x_wconf 92' lang='lat' dir='ltr'><strong>oras</strong></span> <span class='ocrx_word' id='word_1_158' title='bbox 591 2223 694 2285; x_wconf 87' lang='lat' dir='ltr'><strong>usque</strong></span> <span class='ocrx_word' id='word_1_159' title='bbox 727 2202 767 2267; x_wconf 88' lang='lat' dir='ltr'><strong>ad</strong></span> <span class='ocrx_word' id='word_1_160' title='bbox 794 2202 863 2267; x_wconf 87' lang='lat' dir='ltr'><strong>ima</strong></span> <span class='ocrx_word' id='word_1_161' title='bbox 894 2202 1016 2267; x_wconf 89' lang='lat' dir='ltr'><strong>montis</strong></span> <span class='ocrx_word' id='word_1_162' title='bbox 1044 2201 1135 2268; x_wconf 88' lang='lat' dir='ltr'><strong>Jdae.</strong></span> 
     </span>
     <span class='ocr_line' id='line_1_24' title="bbox 115 2289 1135 2375; baseline 0.004 -23"><span class='ocrx_word' id='word_1_163' title='bbox 115 2289 144 2352; x_wconf 91' lang='lat' dir='ltr'><strong>is</strong></span> <span class='ocrx_word' id='word_1_164' title='bbox 176 2290 282 2373; x_wconf 88' lang='lat' dir='ltr'><strong>primo</strong></span> <span class='ocrx_word' id='word_1_165' title='bbox 314 2289 426 2373; x_wconf 84' lang='lat' dir='ltr'><strong>parvis</strong></span> <span class='ocrx_word' id='word_1_166' title='bbox 458 2289 595 2355; x_wconf 90' lang='lat' dir='ltr'><strong>urbibus</strong></span> <span class='ocrx_word' id='word_1_167' title='bbox 629 2313 779 2374; x_wconf 88' lang='lat' dir='ltr'><strong>aspersus</strong></span> <span class='ocrx_word' id='word_1_168' title='bbox 807 2295 871 2374; x_wconf 85' lang='lat' dir='ltr'><strong>est,</strong></span> <span class='ocrx_word' id='word_1_169' title='bbox 903 2312 1039 2375; x_wconf 88' lang='lat' dir='ltr'><strong>quarum</strong></span> <span class='ocrx_word' id='word_1_170' title='bbox 1071 2291 1135 2356; x_wconf 91' lang='lat' dir='ltr'><strong>cla-</strong></span> 
     </span>
     <span class='ocr_line' id='line_1_25' title="bbox 115 2376 1134 2463; baseline 0.004 -22"><span class='ocrx_word' id='word_1_171' title='bbox 115 2377 248 2443; x_wconf 90' lang='lat' dir='ltr'><strong>rissima</strong></span> <span class='ocrx_word' id='word_1_172' title='bbox 272 2382 323 2444; x_wconf 89' lang='lat' dir='ltr'><strong>est</strong></span> <span class='ocrx_word' id='word_1_173' title='bbox 345 2376 488 2445; x_wconf 82' lang='lat' dir='ltr'><strong>Cistena.</strong></span> <span class='ocrx_word' id='word_1_174' title='bbox 534 2379 660 2462; x_wconf 79' lang='lat' dir='ltr'><strong>gremio</strong></span> <span class='ocrx_word' id='word_1_175' title='bbox 684 2379 839 2445; x_wconf 89' lang='lat' dir='ltr'><strong>interiore</strong></span> <span class='ocrx_word' id='word_1_176' title='bbox 867 2400 1000 2463; x_wconf 88' lang='lat' dir='ltr'><strong>campus</strong></span> <span class='ocrx_word' id='word_1_177' title='bbox 1024 2377 1134 2444; x_wconf 83' lang='lat' dir='ltr'><strong>Thebe</strong></span> 
     </span>
    </p>

    <p class='ocr_par' dir='ltr' id='par_1_9' title="bbox 74 2465 1134 2637">
     <span class='ocr_line' id='line_1_26' title="bbox 74 2465 1134 2551; baseline 0.006 -26"><span class='ocrx_word' id='word_1_178' title='bbox 74 2484 101 2525; x_wconf 82' lang='lat' dir='ltr'><strong>rs</strong></span> <span class='ocrx_word' id='word_1_179' title='bbox 115 2466 262 2549; x_wconf 83' lang='lat' dir='ltr'><strong>nomine3</strong></span> <span class='ocrx_word' id='word_1_180' title='bbox 280 2465 508 2550; x_wconf 84' lang='lat' dir='ltr'><strong>Adrymetiou,</strong></span> <span class='ocrx_word' id='word_1_181' title='bbox 525 2466 692 2550; x_wconf 87' lang='lat' dir='ltr'><strong>Asturam,</strong></span> <span class='ocrx_word' id='word_1_182' title='bbox 706 2465 866 2551; x_wconf 79' lang='lat' dir='ltr'><strong>Chrysam</strong></span> <span class='ocrx_word' id='word_1_183' title='bbox 884 2467 1004 2550; x_wconf 90' lang='lat' dir='ltr'><strong>oppida</strong></span> <span class='ocrx_word' id='word_1_184' title='bbox 1022 2466 1134 2531; x_wconf 90' lang='lat' dir='ltr'><strong>eodem</strong></span> 
     </span>
     <span class='ocr_line' id='line_1_27' title="bbox 116 2553 1134 2637; baseline 0.004 -20"><span class='ocrx_word' id='word_1_185' title='bbox 116 2575 180 2637; x_wconf 94' lang='lat' dir='ltr'><strong>quo</strong></span> <span class='ocrx_word' id='word_1_186' title='bbox 209 2554 297 2619; x_wconf 91' lang='lat' dir='ltr'><strong>dicta</strong></span> <span class='ocrx_word' id='word_1_187' title='bbox 324 2559 401 2619; x_wconf 91' lang='lat' dir='ltr'><strong>sunt</strong></span> <span class='ocrx_word' id='word_1_188' title='bbox 428 2553 541 2619; x_wconf 88' lang='lat' dir='ltr'><strong>ordine</strong></span> <span class='ocrx_word' id='word_1_189' title='bbox 570 2554 753 2620; x_wconf 89' lang='lat' dir='ltr'><strong>adiacentia</strong></span> <span class='ocrx_word' id='word_1_190' title='bbox 780 2555 940 2637; x_wconf 89' lang='lat' dir='ltr'><strong>continet,</strong></span> <span class='ocrx_word' id='word_1_191' title='bbox 967 2555 1002 2619; x_wconf 93' lang='lat' dir='ltr'><strong>in</strong></span> <span class='ocrx_word' id='word_1_192' title='bbox 1030 2555 1134 2622; x_wconf 90' lang='lat' dir='ltr'><strong>altero</strong></span> 
     </span>
    </p>
   </div>
   <div class='ocr_carea' id='block_1_3' title="bbox 113 2763 1132 3015">
    <p class='ocr_par' dir='ltr' id='par_1_10' title="bbox 113 2763 1132 3015">
     <span class='ocr_line' id='line_1_28' title="bbox 186 2763 1132 2834; baseline 0.002 -16"><span class='ocrx_word' id='word_1_193' title='bbox 186 2771 209 2820; x_wconf 91' lang='lat'><strong>1.</strong></span> <span class='ocrx_word' id='word_1_194' title='bbox 233 2763 389 2834; x_wconf 83' lang='lat' dir='ltr'><strong>ephigouoa</strong></span> <span class='ocrx_word' id='word_1_195' title='bbox 410 2763 438 2818; x_wconf 99' lang='lat' dir='ltr'><strong><em>A</em></strong></span> <span class='ocrx_word' id='word_1_196' title='bbox 516 2769 540 2817; x_wconf 72' lang='lat'><strong>2.</strong></span> <span class='ocrx_word' id='word_1_197' title='bbox 570 2763 607 2818; x_wconf 89' lang='lat' dir='ltr'><strong>ad</strong></span> <span class='ocrx_word' id='word_1_198' title='bbox 631 2766 659 2818; x_wconf 94' lang='lat' dir='ltr'><strong><em>A</em></strong></span> <span class='ocrx_word' id='word_1_199' title='bbox 736 2769 761 2819; x_wconf 81' lang='grc'><strong>3.</strong></span> <span class='ocrx_word' id='word_1_200' title='bbox 787 2763 836 2834; x_wconf 91' lang='lat' dir='ltr'><strong>qui</strong></span> <span class='ocrx_word' id='word_1_201' title='bbox 859 2763 887 2818; x_wconf 95' lang='lat' dir='ltr'><strong><em>A</em></strong></span> <span class='ocrx_word' id='word_1_202' title='bbox 914 2763 1030 2832; x_wconf 81' lang='lat' dir='ltr'><strong>quoda</strong></span> <span class='ocrx_word' id='word_1_203' title='bbox 1106 2771 1132 2820; x_wconf 87' lang='lat'><strong>4.</strong></span> 
     </span>
     <span class='ocr_line' id='line_1_29' title="bbox 115 2836 1132 2923; baseline 0.001 -19"><span class='ocrx_word' id='word_1_204' title='bbox 115 2836 276 2921; x_wconf 64' lang='lat' dir='ltr'><strong>{myrneum</strong></span> <span class='ocrx_word' id='word_1_205' title='bbox 294 2853 321 2907; x_wconf 91' lang='lat' dir='ltr'><strong><em>A</em></strong></span> <span class='ocrx_word' id='word_1_206' title='bbox 396 2859 420 2907; x_wconf 83' lang='grc'><strong>6.</strong></span> <span class='ocrx_word' id='word_1_207' title='bbox 441 2868 506 2906; x_wconf 90' lang='lat' dir='ltr'><strong>ceos</strong></span> <span class='ocrx_word' id='word_1_208' title='bbox 523 2852 551 2906; x_wconf 91' lang='lat' dir='ltr'><strong><em>A</em></strong></span> <span class='ocrx_word' id='word_1_209' title='bbox 570 2852 643 2906; x_wconf 86' lang='lat' dir='ltr'><strong>Teos</strong></span> <span class='ocrx_word' id='word_1_210' title='bbox 666 2851 811 2908; x_wconf 77' lang='lat' dir='ltr'><strong>Vedianas</strong></span> <span class='ocrx_word' id='word_1_211' title='bbox 884 2850 1087 2923; x_wconf 80' lang='lat' dir='ltr'><strong>ola&lt;zomena&gt;</strong></span> <span class='ocrx_word' id='word_1_212' title='bbox 1104 2854 1132 2905; x_wconf 88' lang='lat' dir='ltr'><strong><em>A</em></strong></span> 
     </span>
     <span class='ocr_line' id='line_1_30' title="bbox 113 2928 1131 3015; baseline -0.001 -22"><span class='ocrx_word' id='word_1_213' title='bbox 113 2940 278 3007; x_wconf 77' lang='lat' dir='ltr'><strong>(litteraria</strong></span> <span class='ocrx_word' id='word_1_214' title='bbox 295 2958 350 2998; x_wconf 84' lang='lat' dir='ltr'><strong>rae.</strong></span> <span class='ocrx_word' id='word_1_215' title='bbox 370 2940 421 3010; x_wconf 62' lang='lat' dir='ltr'><strong>Al)</strong></span> <span class='ocrx_word' id='word_1_216' title='bbox 486 2928 627 3015; x_wconf 57' lang='lat' dir='ltr'><strong>AdquiaA</strong></span> <span class='ocrx_word' id='word_1_217' title='bbox 642 2956 697 3008; x_wconf 88' lang='lat' dir='ltr'><strong>qua</strong></span> <span class='ocrx_word' id='word_1_218' title='bbox 712 2940 867 2995; x_wconf 74' lang='lat' dir='ltr'><strong>Pincianus</strong></span> <span class='ocrx_word' id='word_1_219' title='bbox 939 2945 963 2994; x_wconf 81' lang='grc'><strong>7.</strong></span> <span class='ocrx_word' id='word_1_220' title='bbox 983 2939 1091 2992; x_wconf 85' lang='lat' dir='ltr'><strong>adnexa</strong></span> <span class='ocrx_word' id='word_1_221' title='bbox 1104 2941 1131 2993; x_wconf 91' lang='lat' dir='ltr'><strong><em>A</em></strong></span> 
     </span>
    </p>
   </div>
   <div class='ocr_carea' id='block_1_4' title="bbox 112 3021 1134 3508">
    <p class='ocr_par' dir='ltr' id='par_1_11' title="bbox 114 3021 1133 3097">
     <span class='ocr_line' id='line_1_31' title="bbox 114 3021 1133 3097; baseline 0.002 -17"><span class='ocrx_word' id='word_1_222' title='bbox 114 3026 239 3080; x_wconf 87' lang='lat' dir='ltr'><strong>adnexae</strong></span> <span class='ocrx_word' id='word_1_223' title='bbox 259 3027 412 3084; x_wconf 74' lang='lat' dir='ltr'><strong>Pintiauua</strong></span> <span class='ocrx_word' id='word_1_224' title='bbox 482 3027 553 3081; x_wconf 85' lang='lat' dir='ltr'><strong>mari</strong></span> <span class='ocrx_word' id='word_1_225' title='bbox 571 3029 599 3082; x_wconf 89' lang='lat' dir='ltr'><strong><em>A</em></strong></span> <span class='ocrx_word' id='word_1_226' title='bbox 616 3029 690 3081; x_wconf 89' lang='lat' dir='ltr'><strong>muri</strong></span> <span class='ocrx_word' id='word_1_227' title='bbox 713 3028 825 3083; x_wconf 77' lang='lat' dir='ltr'><strong>Vossius</strong></span> <span class='ocrx_word' id='word_1_228' title='bbox 897 3034 921 3083; x_wconf 87' lang='lat'><strong>9.</strong></span> <span class='ocrx_word' id='word_1_229' title='bbox 940 3021 1086 3097; x_wconf 64' lang='lat' dir='ltr'><strong>Amymaeo</strong></span> <span class='ocrx_word' id='word_1_230' title='bbox 1104 3028 1133 3082; x_wconf 92' lang='lat' dir='ltr'><strong><em>A</em></strong></span> 
     </span>
    </p>

    <p class='ocr_par' dir='ltr' id='par_1_12' title="bbox 112 3097 1134 3508">
     <span class='ocr_line' id='line_1_32' title="bbox 172 3097 1134 3168; baseline 0.002 -18"><span class='ocrx_word' id='word_1_231' title='bbox 172 3097 341 3153; x_wconf 89' lang='lat' dir='ltr'><strong>thermodon</strong></span> <span class='ocrx_word' id='word_1_232' title='bbox 358 3102 386 3155; x_wconf 90' lang='lat' dir='ltr'><strong><em>A</em></strong></span> <span class='ocrx_word' id='word_1_233' title='bbox 404 3098 524 3152; x_wconf 88' lang='lat' dir='ltr'><strong>Hermus</strong></span> <span class='ocrx_word' id='word_1_234' title='bbox 543 3099 694 3154; x_wconf 77' lang='lat' dir='ltr'><strong>Piutteaac</strong></span> <span class='ocrx_word' id='word_1_235' title='bbox 766 3105 808 3154; x_wconf 89' lang='grc'><strong>10.</strong></span> <span class='ocrx_word' id='word_1_236' title='bbox 827 3099 920 3168; x_wconf 89' lang='lat' dir='ltr'><strong>phoea</strong></span> <span class='ocrx_word' id='word_1_237' title='bbox 938 3097 1087 3154; x_wconf 90' lang='lat' dir='ltr'><strong>crisioniae</strong></span> <span class='ocrx_word' id='word_1_238' title='bbox 1105 3099 1134 3152; x_wconf 94' lang='lat' dir='ltr'><strong><em>A</em></strong></span> 
     </span>
     <span class='ocr_line' id='line_1_33' title="bbox 112 3167 1133 3226; baseline 0 -4"><span class='ocrx_word' id='word_1_239' title='bbox 112 3167 244 3222; x_wconf 88' lang='lat' dir='ltr'><strong>Phocaea</strong></span> <span class='ocrx_word' id='word_1_240' title='bbox 261 3168 356 3224; x_wconf 88' lang='lat' dir='ltr'><strong>Ionias</strong></span> <span class='ocrx_word' id='word_1_241' title='bbox 379 3169 490 3225; x_wconf 80' lang='lat' dir='ltr'><strong>Vossius</strong></span> <span class='ocrx_word' id='word_1_242' title='bbox 561 3167 678 3224; x_wconf 86' lang='lat' dir='ltr'><strong>ultimae</strong></span> <span class='ocrx_word' id='word_1_243' title='bbox 696 3170 725 3224; x_wconf 94' lang='lat' dir='ltr'><strong><em>A</em></strong></span> <span class='ocrx_word' id='word_1_244' title='bbox 743 3169 844 3224; x_wconf 89' lang='lat' dir='ltr'><strong>ultima</strong></span> <span class='ocrx_word' id='word_1_245' title='bbox 861 3187 882 3225; x_wconf 79' lang='lat' dir='ltr'><strong>u</strong></span> <span class='ocrx_word' id='word_1_246' title='bbox 954 3177 987 3226; x_wconf 75' lang='lat'><strong>17</strong></span> <span class='ocrx_word' id='word_1_247' title='bbox 1007 3170 1088 3223; x_wconf 83' lang='lat' dir='ltr'><strong>clean</strong></span> <span class='ocrx_word' id='word_1_248' title='bbox 1105 3171 1133 3222; x_wconf 95' lang='lat' dir='ltr'><strong><em>A</em></strong></span> 
     </span>
     <span class='ocr_line' id='line_1_34' title="bbox 112 3238 1134 3309; baseline 0 -17"><span class='ocrx_word' id='word_1_249' title='bbox 112 3238 221 3294; x_wconf 82' lang='lat' dir='ltr'><strong>Elaean</strong></span> <span class='ocrx_word' id='word_1_250' title='bbox 244 3241 344 3309; x_wconf 77' lang='lat' dir='ltr'><strong>scripsi</strong></span> <span class='ocrx_word' id='word_1_251' title='bbox 416 3246 457 3295; x_wconf 83' lang='lat'><strong>18.</strong></span> <span class='ocrx_word' id='word_1_252' title='bbox 481 3238 640 3295; x_wconf 87' lang='lat' dir='ltr'><strong>archesilan</strong></span> <span class='ocrx_word' id='word_1_253' title='bbox 662 3241 691 3294; x_wconf 90' lang='lat' dir='ltr'><strong><em>A</em></strong></span> <span class='ocrx_word' id='word_1_254' title='bbox 710 3239 856 3295; x_wconf 88' lang='lat' dir='ltr'><strong>Arcesilan</strong></span> <span class='ocrx_word' id='word_1_255' title='bbox 877 3258 898 3296; x_wconf 71' lang='lat' dir='ltr'><strong>rc</strong></span> <span class='ocrx_word' id='word_1_256' title='bbox 970 3247 1012 3295; x_wconf 79' lang='lat'><strong>21.</strong></span> <span class='ocrx_word' id='word_1_257' title='bbox 1031 3255 1134 3309; x_wconf 87' lang='lat' dir='ltr'><strong>parvos</strong></span> 
     </span>
     <span class='ocr_line' id='line_1_35' title="bbox 113 3309 1134 3367; baseline -0.003 -2"><span class='ocrx_word' id='word_1_258' title='bbox 113 3313 153 3365; x_wconf 83' lang='lat' dir='ltr'><strong>aie</strong></span> <span class='ocrx_word' id='word_1_259' title='bbox 171 3310 199 3364; x_wconf 94' lang='lat' dir='ltr'><strong><em>A</em></strong></span> <span class='ocrx_word' id='word_1_260' title='bbox 254 3316 298 3365; x_wconf 77' lang='lat'><strong>23.</strong></span> <span class='ocrx_word' id='word_1_261' title='bbox 317 3309 352 3364; x_wconf 89' lang='lat' dir='ltr'><strong>iis</strong></span> <span class='ocrx_word' id='word_1_262' title='bbox 371 3311 398 3365; x_wconf 92' lang='lat' dir='ltr'><strong><em>A</em></strong></span> <span class='ocrx_word' id='word_1_263' title='bbox 417 3309 476 3367; x_wconf 84' lang='lat' dir='ltr'><strong>iso</strong></span> <span class='ocrx_word' id='word_1_264' title='bbox 531 3317 573 3366; x_wconf 75' lang='lat'><strong>2⁴.</strong></span> <span class='ocrx_word' id='word_1_265' title='bbox 593 3310 696 3367; x_wconf 90' lang='lat' dir='ltr'><strong>thebae</strong></span> <span class='ocrx_word' id='word_1_266' title='bbox 714 3313 743 3366; x_wconf 92' lang='lat' dir='ltr'><strong><em>A</em></strong></span> <span class='ocrx_word' id='word_1_267' title='bbox 762 3309 893 3366; x_wconf 82' lang='lat' dir='ltr'><strong>Thebeo</strong></span> <span class='ocrx_word' id='word_1_268' title='bbox 948 3316 991 3364; x_wconf 78' lang='lat'><strong>25.</strong></span> <span class='ocrx_word' id='word_1_269' title='bbox 1011 3311 1134 3364; x_wconf 86' lang='lat' dir='ltr'><strong>austrum</strong></span> 
     </span>
     <span class='ocr_line' id='line_1_36' title="bbox 112 3380 1134 3451; baseline -0.001 -15"><span class='ocrx_word' id='word_1_270' title='bbox 112 3382 140 3436; x_wconf 95' lang='lat' dir='ltr'><strong><em>A</em></strong></span> <span class='ocrx_word' id='word_1_271' title='bbox 160 3381 293 3435; x_wconf 84' lang='lat' dir='ltr'><strong>Asturam</strong></span> <span class='ocrx_word' id='word_1_272' title='bbox 312 3380 440 3436; x_wconf 74' lang='lat' dir='ltr'><strong>Bursian</strong></span> <span class='ocrx_word' id='word_1_273' title='bbox 513 3397 635 3436; x_wconf 83' lang='lat' dir='ltr'><strong>cressum</strong></span> <span class='ocrx_word' id='word_1_274' title='bbox 653 3383 681 3437; x_wconf 88' lang='lat' dir='ltr'><strong><em>A</em></strong></span> <span class='ocrx_word' id='word_1_275' title='bbox 706 3380 842 3451; x_wconf 87' lang='lat' dir='ltr'><strong>Chrysam</strong></span> <span class='ocrx_word' id='word_1_276' title='bbox 866 3382 1019 3436; x_wconf 71' lang='lat' dir='ltr'><strong>Pincianus</strong></span> <span class='ocrx_word' id='word_1_277' title='bbox 1091 3387 1134 3436; x_wconf 79' lang='lat'><strong>26.</strong></span> 
     </span>
     <span class='ocr_line' id='line_1_37' title="bbox 113 3450 482 3508; baseline 0.005 -3"><span class='ocrx_word' id='word_1_278' title='bbox 113 3450 259 3506; x_wconf 85' lang='lat' dir='ltr'><strong>continent</strong></span> <span class='ocrx_word' id='word_1_279' title='bbox 275 3453 303 3506; x_wconf 93' lang='lat' dir='ltr'><strong><em>A</em></strong></span> <span class='ocrx_word' id='word_1_280' title='bbox 323 3451 449 3507; x_wconf 86' lang='lat' dir='ltr'><strong>continet</strong></span> <span class='ocrx_word' id='word_1_281' title='bbox 465 3469 482 3508; x_wconf 85' lang='lat' dir='ltr'><strong>c</strong></span> 
     </span>
    </p>
   </div>
   <div class='ocr_carea' id='block_1_5' title="bbox 0 0 1260 3824">
    <p class='ocr_par' dir='ltr' id='par_1_13' title="bbox 0 0 1260 3824">
     <span class='ocr_line' id='line_1_38' title="bbox 0 0 1260 3824; baseline 0 0"><span class='ocrx_word' id='word_1_282' title='bbox 0 0 1260 3824; x_wconf 95' lang='lat' dir='ltr'><strong> </strong></span> 
     </span>
    </p>
   </div>
  </div>
 </body>
</html>
