<?xml version="1.0" encoding="UTF-8"?>
<!DOCTYPE html PUBLIC "-//W3C//DTD XHTML 1.0 Transitional//EN"
    "http://www.w3.org/TR/xhtml1/DTD/xhtml1-transitional.dtd">
<html xmlns="http://www.w3.org/1999/xhtml" xml:lang="en" lang="en">
 <head>
  <title>
</title>
<meta http-equiv="Content-Type" content="text/html;charset=utf-8" />
  <meta name='ocr-system' content='tesseract 3.04.00' />
  <meta name='ocr-capabilities' content='ocr_page ocr_carea ocr_par ocr_line ocrx_word'/>
</head>
<body>
  <div class='ocr_page' id='page_1' title='image "./pomponiimelaede08melagoog_0042.png"; bbox 0 0 2512 3824; ppageno 0'>
   <div class='ocr_carea' id='block_1_1' title="bbox 398 182 1127 254">
    <p class='ocr_par' dir='ltr' id='par_1_1' title="bbox 398 182 1127 254">
     <span class='ocr_line' id='line_1_1' title="bbox 398 182 1127 254; baseline 0.018 -18"><span class='ocrx_word' id='word_1_1' title='bbox 398 182 577 239; x_wconf 76' lang='grc'><strong>0110110011.</strong></span> <span class='ocrx_word' id='word_1_2' title='bbox 597 185 611 237; x_wconf 89' lang='lat'>1</span> <span class='ocrx_word' id='word_1_3' title='bbox 630 189 664 239; x_wconf 87' lang='grc'><strong>11</strong></span> <span class='ocrx_word' id='word_1_4' title='bbox 683 186 846 254; x_wconf 88' lang='grc'><strong>(101-110)</strong></span> <span class='ocrx_word' id='word_1_5' title='bbox 1083 183 1127 249; x_wconf 81' lang='lat'><strong>25</strong></span> 
     </span>
    </p>
   </div>
   <div class='ocr_carea' id='block_1_2' title="bbox 61 345 1189 2820">
    <p class='ocr_par' dir='ltr' id='par_1_2' title="bbox 64 345 1189 1582">
     <span class='ocr_line' id='line_1_2' title="bbox 110 345 1125 432; baseline -0.002 -18"><span class='ocrx_word' id='word_1_6' title='bbox 110 370 223 414; x_wconf 92' lang='lat' dir='ltr'><strong>curum</strong></span> <span class='ocrx_word' id='word_1_7' title='bbox 255 345 427 431; x_wconf 91' lang='lat' dir='ltr'><strong>oppidum,</strong></span> <span class='ocrx_word' id='word_1_8' title='bbox 463 345 554 411; x_wconf 83' lang='lat' dir='ltr'><strong>fuere</strong></span> <span class='ocrx_word' id='word_1_9' title='bbox 590 348 624 411; x_wconf 92' lang='lat' dir='ltr'><strong>et</strong></span> <span class='ocrx_word' id='word_1_10' title='bbox 653 345 856 432; x_wconf 83' lang='lat' dir='ltr'><strong>Amazonum</strong></span> <span class='ocrx_word' id='word_1_11' title='bbox 892 351 1016 430; x_wconf 89' lang='lat' dir='ltr'><strong>castra,</strong></span> <span class='ocrx_word' id='word_1_12' title='bbox 1052 347 1125 413; x_wconf 88' lang='lat' dir='ltr'><strong>ideo</strong></span> 
     </span>
     <span class='ocr_line' id='line_1_3' title="bbox 107 432 1189 521; baseline 0.002 -19"><span class='ocrx_word' id='word_1_13' title='bbox 107 436 323 505; x_wconf 79' lang='lat' dir='ltr'><strong>Amazonium</strong></span> <span class='ocrx_word' id='word_1_14' title='bbox 359 438 487 500; x_wconf 82' lang='lat' dir='ltr'><strong>vocant.</strong></span> <span class='ocrx_word' id='word_1_15' title='bbox 547 432 706 500; x_wconf 79' lang='lat' dir='ltr'><strong>Tebarani</strong></span> <span class='ocrx_word' id='word_1_16' title='bbox 743 432 906 518; x_wconf 85' lang='lat' dir='ltr'><strong>Chalybas</strong></span> <span class='ocrx_word' id='word_1_17' title='bbox 943 435 1126 521; x_wconf 81' lang='lat' dir='ltr'><strong>adtingunt,</strong></span> <span class='ocrx_word' id='word_1_18' title='bbox 1138 453 1189 504; x_wconf 90' lang='grc'><strong>100</strong></span> 
     </span>
     <span class='ocr_line' id='line_1_4' title="bbox 107 523 1126 609; baseline 0 -19"><span class='ocrx_word' id='word_1_19' title='bbox 107 525 226 609; x_wconf 87' lang='lat' dir='ltr'><strong>quibus</strong></span> <span class='ocrx_word' id='word_1_20' title='bbox 258 523 294 588; x_wconf 89' lang='lat' dir='ltr'><strong>in</strong></span> <span class='ocrx_word' id='word_1_21' title='bbox 319 523 395 588; x_wconf 87' lang='lat' dir='ltr'><strong>lusu</strong></span> <span class='ocrx_word' id='word_1_22' title='bbox 420 524 554 606; x_wconf 90' lang='lat' dir='ltr'><strong>risuque</strong></span> <span class='ocrx_word' id='word_1_23' title='bbox 584 545 748 589; x_wconf 89' lang='lat' dir='ltr'><strong>summum</strong></span> <span class='ocrx_word' id='word_1_24' title='bbox 774 523 897 589; x_wconf 88' lang='lat' dir='ltr'><strong>honum</strong></span> <span class='ocrx_word' id='word_1_25' title='bbox 928 527 987 588; x_wconf 90' lang='lat' dir='ltr'><strong>est.</strong></span> <span class='ocrx_word' id='word_1_26' title='bbox 1036 525 1126 590; x_wconf 88' lang='lat' dir='ltr'><strong>ultra</strong></span> 
     </span>
     <span class='ocr_line' id='line_1_5' title="bbox 104 611 1125 697; baseline 0.004 -21"><span class='ocrx_word' id='word_1_27' title='bbox 104 611 252 693; x_wconf 77' lang='lat' dir='ltr'><strong>Mossyni</strong></span> <span class='ocrx_word' id='word_1_28' title='bbox 283 615 390 677; x_wconf 84' lang='lat' dir='ltr'><strong>turres</strong></span> <span class='ocrx_word' id='word_1_29' title='bbox 417 611 544 697; x_wconf 81' lang='lat' dir='ltr'><strong>ligneas</strong></span> <span class='ocrx_word' id='word_1_30' title='bbox 576 611 729 696; x_wconf 89' lang='lat' dir='ltr'><strong>subeunt,</strong></span> <span class='ocrx_word' id='word_1_31' title='bbox 760 613 848 678; x_wconf 94' lang='lat' dir='ltr'><strong>notis</strong></span> <span class='ocrx_word' id='word_1_32' title='bbox 881 632 998 695; x_wconf 86' lang='lat' dir='ltr'><strong>corpus</strong></span> <span class='ocrx_word' id='word_1_33' title='bbox 1030 634 1125 680; x_wconf 89' lang='lat' dir='ltr'><strong>omne</strong></span> 
     </span>
     <span class='ocr_line' id='line_1_6' title="bbox 81 700 1126 786; baseline 0.006 -25"><span class='ocrx_word' id='word_1_34' title='bbox 81 700 312 785; x_wconf 80' lang='lat' dir='ltr'><strong>sparsignant,</strong></span> <span class='ocrx_word' id='word_1_35' title='bbox 332 701 507 785; x_wconf 89' lang='lat' dir='ltr'><strong>propatulo</strong></span> <span class='ocrx_word' id='word_1_36' title='bbox 526 703 710 786; x_wconf 79' lang='lat' dir='ltr'><strong>vescuntur,</strong></span> <span class='ocrx_word' id='word_1_37' title='bbox 728 700 890 784; x_wconf 87' lang='lat' dir='ltr'><strong>promisce</strong></span> <span class='ocrx_word' id='word_1_38' title='bbox 908 702 1126 767; x_wconf 87' lang='lat' dir='ltr'><strong>concumbunt</strong></span> 
     </span>
     <span class='ocr_line' id='line_1_7' title="bbox 108 788 1125 875; baseline 0.002 -21"><span class='ocrx_word' id='word_1_39' title='bbox 108 793 141 854; x_wconf 89' lang='grc'><strong>11</strong></span> <span class='ocrx_word' id='word_1_40' title='bbox 164 789 288 874; x_wconf 86' lang='lat' dir='ltr'><strong>palam,</strong></span> <span class='ocrx_word' id='word_1_41' title='bbox 310 809 403 874; x_wconf 81' lang='lat' dir='ltr'><strong>reges</strong></span> <span class='ocrx_word' id='word_1_42' title='bbox 427 789 583 874; x_wconf 78' lang='lat' dir='ltr'><strong>suffragio</strong></span> <span class='ocrx_word' id='word_1_43' title='bbox 607 788 769 874; x_wconf 78' lang='lat' dir='ltr'><strong>deligunt,</strong></span> <span class='ocrx_word' id='word_1_44' title='bbox 791 790 995 875; x_wconf 79' lang='lat' dir='ltr'><strong>vinculisque</strong></span> <span class='ocrx_word' id='word_1_45' title='bbox 1019 794 1053 855; x_wconf 87' lang='lat' dir='ltr'><strong>et</strong></span> <span class='ocrx_word' id='word_1_46' title='bbox 1075 813 1125 856; x_wconf 88' lang='lat' dir='ltr'><strong>ar-</strong></span> 
     </span>
     <span class='ocr_line' id='line_1_8' title="bbox 106 877 1125 963; baseline 0.001 -21"><span class='ocrx_word' id='word_1_47' title='bbox 106 877 237 943; x_wconf 90' lang='lat' dir='ltr'><strong>tissima</strong></span> <span class='ocrx_word' id='word_1_48' title='bbox 260 877 406 943; x_wconf 88' lang='lat' dir='ltr'><strong>custodia</strong></span> <span class='ocrx_word' id='word_1_49' title='bbox 428 881 549 961; x_wconf 89' lang='lat' dir='ltr'><strong>tenent,</strong></span> <span class='ocrx_word' id='word_1_50' title='bbox 573 882 671 962; x_wconf 87' lang='lat' dir='ltr'><strong>atque</strong></span> <span class='ocrx_word' id='word_1_51' title='bbox 689 878 746 944; x_wconf 92' lang='lat' dir='ltr'><strong>ubi</strong></span> <span class='ocrx_word' id='word_1_52' title='bbox 769 879 900 962; x_wconf 91' lang='lat' dir='ltr'><strong>culpam</strong></span> <span class='ocrx_word' id='word_1_53' title='bbox 922 900 1022 962; x_wconf 88' lang='lat' dir='ltr'><strong>prave</strong></span> <span class='ocrx_word' id='word_1_54' title='bbox 1046 879 1125 963; x_wconf 91' lang='lat' dir='ltr'><strong>quid</strong></span> 
     </span>
     <span class='ocr_line' id='line_1_9' title="bbox 106 965 1125 1051; baseline 0.003 -21"><span class='ocrx_word' id='word_1_55' title='bbox 106 965 288 1050; x_wconf 85' lang='lat' dir='ltr'><strong>inperanda.</strong></span> <span class='ocrx_word' id='word_1_56' title='bbox 316 988 477 1051; x_wconf 82' lang='lat' dir='ltr'><strong>memore,</strong></span> <span class='ocrx_word' id='word_1_57' title='bbox 508 966 616 1032; x_wconf 88' lang='lat' dir='ltr'><strong>inedia</strong></span> <span class='ocrx_word' id='word_1_58' title='bbox 648 965 715 1032; x_wconf 89' lang='lat' dir='ltr'><strong>diei</strong></span> <span class='ocrx_word' id='word_1_59' title='bbox 744 968 848 1034; x_wconf 90' lang='lat' dir='ltr'><strong>totius</strong></span> <span class='ocrx_word' id='word_1_60' title='bbox 877 967 1043 1051; x_wconf 81' lang='lat' dir='ltr'><strong>adiiciunt,</strong></span> <span class='ocrx_word' id='word_1_61' title='bbox 1075 989 1125 1033; x_wconf 91' lang='grc'><strong>01-</strong></span> 
     </span>
     <span class='ocr_line' id='line_1_10' title="bbox 105 1055 1188 1140; baseline 0.002 -21"><span class='ocrx_word' id='word_1_62' title='bbox 105 1059 212 1120; x_wconf 89' lang='lat' dir='ltr'><strong>terum</strong></span> <span class='ocrx_word' id='word_1_63' title='bbox 228 1056 335 1139; x_wconf 88' lang='lat' dir='ltr'><strong>asperi</strong></span> <span class='ocrx_word' id='word_1_64' title='bbox 349 1056 465 1121; x_wconf 85' lang='lat' dir='ltr'><strong>inculti</strong></span> <span class='ocrx_word' id='word_1_65' title='bbox 479 1055 631 1140; x_wconf 86' lang='lat' dir='ltr'>pernoxii</span> <span class='ocrx_word' id='word_1_66' title='bbox 649 1056 805 1140; x_wconf 79' lang='lat' dir='ltr'><strong>adpulsis.</strong></span> <span class='ocrx_word' id='word_1_67' title='bbox 836 1055 910 1120; x_wconf 91' lang='lat' dir='ltr'><strong>dein</strong></span> <span class='ocrx_word' id='word_1_68' title='bbox 928 1056 1036 1120; x_wconf 89' lang='lat' dir='ltr'><strong>minus</strong></span> <span class='ocrx_word' id='word_1_69' title='bbox 1050 1056 1188 1140; x_wconf 68' lang='grc'><strong>,1111101</strong></span> 
     </span>
     <span class='ocr_line' id='line_1_11' title="bbox 64 1143 1124 1230; baseline 0.001 -22"><span class='ocrx_word' id='word_1_70' title='bbox 64 1161 217 1209; x_wconf 74' lang='lat' dir='ltr'><strong>mserum</strong></span> <span class='ocrx_word' id='word_1_71' title='bbox 235 1148 270 1209; x_wconf 91' lang='lat' dir='ltr'><strong>et</strong></span> <span class='ocrx_word' id='word_1_72' title='bbox 291 1144 325 1209; x_wconf 93' lang='lat' dir='ltr'><strong>hi</strong></span> <span class='ocrx_word' id='word_1_73' title='bbox 344 1144 518 1210; x_wconf 89' lang='lat' dir='ltr'><strong>inconditis</strong></span> <span class='ocrx_word' id='word_1_74' title='bbox 542 1144 699 1228; x_wconf 89' lang='lat' dir='ltr'><strong>moribus,</strong></span> <span class='ocrx_word' id='word_1_75' title='bbox 716 1143 967 1228; x_wconf 78' lang='lat' dir='ltr'><strong>Macrocephali,</strong></span> <span class='ocrx_word' id='word_1_76' title='bbox 984 1143 1124 1230; x_wconf 87' lang='lat' dir='ltr'><strong>Bechiri,</strong></span> 
     </span>
     <span class='ocr_line' id='line_1_12' title="bbox 108 1231 1124 1317; baseline 0.002 -21"><span class='ocrx_word' id='word_1_77' title='bbox 108 1231 238 1298; x_wconf 84' lang='lat' dir='ltr'><strong>Buxeri.</strong></span> <span class='ocrx_word' id='word_1_78' title='bbox 265 1254 359 1298; x_wconf 87' lang='lat' dir='ltr'><strong>rarae</strong></span> <span class='ocrx_word' id='word_1_79' title='bbox 372 1233 486 1298; x_wconf 74' lang='lat' dir='ltr'><strong>urbest</strong></span> <span class='ocrx_word' id='word_1_80' title='bbox 501 1231 684 1298; x_wconf 89' lang='lat' dir='ltr'><strong>Cerasunta</strong></span> <span class='ocrx_word' id='word_1_81' title='bbox 698 1236 731 1298; x_wconf 91' lang='lat' dir='ltr'><strong>et</strong></span> <span class='ocrx_word' id='word_1_82' title='bbox 745 1232 908 1317; x_wconf 77' lang='lat' dir='ltr'><strong>Trapezos</strong></span> <span class='ocrx_word' id='word_1_83' title='bbox 922 1233 1062 1298; x_wconf 86' lang='lat' dir='ltr'><strong>maxime</strong></span> <span class='ocrx_word' id='word_1_84' title='bbox 1076 1234 1124 1298; x_wconf 91' lang='grc'><strong>111-</strong></span> 
     </span>
     <span class='ocr_line' id='line_1_13' title="bbox 104 1320 1189 1406; baseline 0.005 -22"><span class='ocrx_word' id='word_1_85' title='bbox 104 1320 233 1386; x_wconf 76' lang='lat' dir='ltr'><strong>lustres.</strong></span> <span class='ocrx_word' id='word_1_86' title='bbox 269 1320 344 1386; x_wconf 89' lang='lat' dir='ltr'><strong>inde</strong></span> <span class='ocrx_word' id='word_1_87' title='bbox 362 1321 392 1384; x_wconf 91' lang='lat' dir='ltr'><strong>is</strong></span> <span class='ocrx_word' id='word_1_88' title='bbox 410 1322 501 1387; x_wconf 88' lang='lat' dir='ltr'><strong>locus</strong></span> <span class='ocrx_word' id='word_1_89' title='bbox 520 1325 572 1386; x_wconf 89' lang='lat' dir='ltr'><strong>est</strong></span> <span class='ocrx_word' id='word_1_90' title='bbox 587 1321 646 1386; x_wconf 90' lang='lat' dir='ltr'><strong>ubi</strong></span> <span class='ocrx_word' id='word_1_91' title='bbox 663 1322 762 1387; x_wconf 89' lang='lat' dir='ltr'><strong>finem</strong></span> <span class='ocrx_word' id='word_1_92' title='bbox 780 1323 895 1388; x_wconf 91' lang='lat' dir='ltr'><strong>ductus</strong></span> <span class='ocrx_word' id='word_1_93' title='bbox 915 1342 935 1386; x_wconf 88' lang='lat' dir='ltr'><strong>a</strong></span> <span class='ocrx_word' id='word_1_94' title='bbox 953 1320 1124 1406; x_wconf 86' lang='lat' dir='ltr'><strong>Bosphoro</strong></span> <span class='ocrx_word' id='word_1_95' title='bbox 1136 1338 1189 1389; x_wconf 88' lang='lat'><strong>108</strong></span> 
     </span>
     <span class='ocr_line' id='line_1_14' title="bbox 105 1408 1125 1493; baseline 0.004 -21"><span class='ocrx_word' id='word_1_96' title='bbox 105 1412 232 1473; x_wconf 85' lang='lat' dir='ltr'><strong>tractus</strong></span> <span class='ocrx_word' id='word_1_97' title='bbox 260 1408 391 1492; x_wconf 90' lang='lat' dir='ltr'><strong>accipit,</strong></span> <span class='ocrx_word' id='word_1_98' title='bbox 419 1413 517 1493; x_wconf 91' lang='lat' dir='ltr'><strong>atque</strong></span> <span class='ocrx_word' id='word_1_99' title='bbox 544 1409 619 1475; x_wconf 88' lang='lat' dir='ltr'><strong>inde</strong></span> <span class='ocrx_word' id='word_1_100' title='bbox 642 1432 678 1475; x_wconf 91' lang='lat' dir='ltr'><strong>se</strong></span> <span class='ocrx_word' id='word_1_101' title='bbox 705 1411 740 1474; x_wconf 93' lang='lat' dir='ltr'><strong>in</strong></span> <span class='ocrx_word' id='word_1_102' title='bbox 763 1411 838 1476; x_wconf 90' lang='lat' dir='ltr'><strong>sinu</strong></span> <span class='ocrx_word' id='word_1_103' title='bbox 866 1410 994 1476; x_wconf 88' lang='lat' dir='ltr'><strong>adversi</strong></span> <span class='ocrx_word' id='word_1_104' title='bbox 1017 1410 1125 1476; x_wconf 90' lang='lat' dir='ltr'><strong>litoris</strong></span> 
     </span>
     <span class='ocr_line' id='line_1_15' title="bbox 105 1495 1126 1582; baseline 0.004 -23"><span class='ocrx_word' id='word_1_105' title='bbox 105 1495 208 1560; x_wconf 85' lang='lat' dir='ltr'><strong>flexus</strong></span> <span class='ocrx_word' id='word_1_106' title='bbox 235 1495 396 1561; x_wconf 88' lang='lat' dir='ltr'><strong>adtollens</strong></span> <span class='ocrx_word' id='word_1_107' title='bbox 425 1499 696 1582; x_wconf 78' lang='lat' dir='ltr'><strong>augustissimum</strong></span> <span class='ocrx_word' id='word_1_108' title='bbox 723 1498 821 1563; x_wconf 91' lang='lat' dir='ltr'><strong>Ponti</strong></span> <span class='ocrx_word' id='word_1_109' title='bbox 848 1497 930 1562; x_wconf 86' lang='lat' dir='ltr'><strong>facit</strong></span> <span class='ocrx_word' id='word_1_110' title='bbox 960 1498 1126 1581; x_wconf 81' lang='lat' dir='ltr'><strong>angulum.</strong></span> 
     </span>
    </p>

    <p class='ocr_par' dir='ltr' id='par_1_3' title="bbox 61 1581 1189 2023">
     <span class='ocr_line' id='line_1_16' title="bbox 61 1581 1126 1670; baseline 0.009 -29"><span class='ocrx_word' id='word_1_111' title='bbox 61 1601 94 1642; x_wconf 83' lang='grc'><strong>11</strong></span> <span class='ocrx_word' id='word_1_112' title='bbox 105 1582 160 1648; x_wconf 92' lang='lat' dir='ltr'><strong>hic</strong></span> <span class='ocrx_word' id='word_1_113' title='bbox 179 1587 255 1648; x_wconf 88' lang='lat' dir='ltr'><strong>sunt</strong></span> <span class='ocrx_word' id='word_1_114' title='bbox 268 1581 393 1668; x_wconf 78' lang='lat' dir='ltr'><strong>Colchi,</strong></span> <span class='ocrx_word' id='word_1_115' title='bbox 411 1585 475 1650; x_wconf 88' lang='lat' dir='ltr'><strong>huc</strong></span> <span class='ocrx_word' id='word_1_116' title='bbox 488 1585 607 1651; x_wconf 81' lang='lat' dir='ltr'><strong>Phasis</strong></span> <span class='ocrx_word' id='word_1_117' title='bbox 626 1586 777 1670; x_wconf 75' lang='lat' dir='ltr'><strong>erumpit,</strong></span> <span class='ocrx_word' id='word_1_118' title='bbox 795 1585 849 1650; x_wconf 91' lang='lat' dir='ltr'><strong>hic</strong></span> <span class='ocrx_word' id='word_1_119' title='bbox 863 1584 976 1650; x_wconf 89' lang='lat' dir='ltr'><strong>eodem</strong></span> <span class='ocrx_word' id='word_1_120' title='bbox 993 1587 1126 1651; x_wconf 91' lang='lat' dir='ltr'><strong>nomine</strong></span> 
     </span>
     <span class='ocr_line' id='line_1_17' title="bbox 108 1673 1126 1759; baseline 0.002 -23"><span class='ocrx_word' id='word_1_121' title='bbox 108 1693 171 1756; x_wconf 90' lang='lat' dir='ltr'><strong>quo</strong></span> <span class='ocrx_word' id='word_1_122' title='bbox 191 1673 298 1737; x_wconf 88' lang='lat' dir='ltr'><strong>amnis</strong></span> <span class='ocrx_word' id='word_1_123' title='bbox 320 1676 371 1738; x_wconf 89' lang='lat' dir='ltr'><strong>est</strong></span> <span class='ocrx_word' id='word_1_124' title='bbox 388 1695 408 1738; x_wconf 88' lang='lat' dir='ltr'><strong>a</strong></span> <span class='ocrx_word' id='word_1_125' title='bbox 426 1673 677 1758; x_wconf 82' lang='lat' dir='ltr'><strong>Themistagora</strong></span> <span class='ocrx_word' id='word_1_126' title='bbox 694 1673 823 1739; x_wconf 89' lang='lat' dir='ltr'><strong>Milesio</strong></span> <span class='ocrx_word' id='word_1_127' title='bbox 843 1673 1015 1739; x_wconf 89' lang='lat' dir='ltr'><strong>deductum</strong></span> <span class='ocrx_word' id='word_1_128' title='bbox 1035 1675 1126 1759; x_wconf 90' lang='lat' dir='ltr'><strong>oppi-</strong></span> 
     </span>
     <span class='ocr_line' id='line_1_18' title="bbox 106 1760 1125 1846; baseline 0.003 -21"><span class='ocrx_word' id='word_1_129' title='bbox 106 1760 192 1845; x_wconf 85' lang='lat' dir='ltr'><strong>dum,</strong></span> <span class='ocrx_word' id='word_1_130' title='bbox 214 1761 269 1826; x_wconf 92' lang='lat' dir='ltr'><strong>hic</strong></span> <span class='ocrx_word' id='word_1_131' title='bbox 286 1760 401 1826; x_wconf 83' lang='lat' dir='ltr'><strong>Phrixi</strong></span> <span class='ocrx_word' id='word_1_132' title='bbox 419 1763 580 1846; x_wconf 89' lang='lat' dir='ltr'><strong>templum</strong></span> <span class='ocrx_word' id='word_1_133' title='bbox 600 1766 633 1826; x_wconf 88' lang='lat' dir='ltr'><strong>et</strong></span> <span class='ocrx_word' id='word_1_134' title='bbox 651 1763 752 1845; x_wconf 90' lang='lat' dir='ltr'><strong>lucus,</strong></span> <span class='ocrx_word' id='word_1_135' title='bbox 770 1762 884 1828; x_wconf 87' lang='lat' dir='ltr'><strong>fabula</strong></span> <span class='ocrx_word' id='word_1_136' title='bbox 901 1767 1011 1828; x_wconf 84' lang='lat' dir='ltr'><strong>vetere</strong></span> <span class='ocrx_word' id='word_1_137' title='bbox 1029 1763 1125 1846; x_wconf 91' lang='lat' dir='ltr'><strong>pellis</strong></span> 
     </span>
     <span class='ocr_line' id='line_1_19' title="bbox 106 1850 1189 1937; baseline 0.003 -23"><span class='ocrx_word' id='word_1_138' title='bbox 106 1871 223 1914; x_wconf 87' lang='lat' dir='ltr'><strong>aureae</strong></span> <span class='ocrx_word' id='word_1_139' title='bbox 249 1850 381 1916; x_wconf 88' lang='lat' dir='ltr'><strong>nobilis.</strong></span> <span class='ocrx_word' id='word_1_140' title='bbox 430 1851 507 1916; x_wconf 89' lang='lat' dir='ltr'><strong>hinc</strong></span> <span class='ocrx_word' id='word_1_141' title='bbox 537 1850 601 1916; x_wconf 89' lang='lat' dir='ltr'><strong>orti</strong></span> <span class='ocrx_word' id='word_1_142' title='bbox 634 1855 763 1916; x_wconf 88' lang='lat' dir='ltr'><strong>montes</strong></span> <span class='ocrx_word' id='word_1_143' title='bbox 790 1852 891 1936; x_wconf 81' lang='lat' dir='ltr'><strong>longo</strong></span> <span class='ocrx_word' id='word_1_144' title='bbox 924 1873 958 1916; x_wconf 89' lang='lat' dir='ltr'><strong>se</strong></span> <span class='ocrx_word' id='word_1_145' title='bbox 985 1852 1063 1937; x_wconf 82' lang='lat' dir='ltr'><strong>iugo</strong></span> <span class='ocrx_word' id='word_1_146' title='bbox 1092 1855 1189 1918; x_wconf 83' lang='grc'><strong>11101</strong></span> 
     </span>
     <span class='ocr_line' id='line_1_20' title="bbox 106 1937 1126 2023; baseline 0.002 -21"><span class='ocrx_word' id='word_1_147' title='bbox 106 1937 208 2002; x_wconf 91' lang='lat' dir='ltr'><strong>donec</strong></span> <span class='ocrx_word' id='word_1_148' title='bbox 230 1937 388 2022; x_wconf 83' lang='lat' dir='ltr'><strong>Riphaeis</strong></span> <span class='ocrx_word' id='word_1_149' title='bbox 417 1940 655 2023; x_wconf 87' lang='lat' dir='ltr'><strong>coniungantur</strong></span> <span class='ocrx_word' id='word_1_150' title='bbox 683 1940 910 2023; x_wconf 82' lang='lat' dir='ltr'><strong>exporrigunt3</strong></span> <span class='ocrx_word' id='word_1_151' title='bbox 939 1940 994 2023; x_wconf 92' lang='lat' dir='ltr'><strong>qui</strong></span> <span class='ocrx_word' id='word_1_152' title='bbox 1023 1941 1126 2004; x_wconf 90' lang='lat' dir='ltr'><strong>altera</strong></span> 
     </span>
    </p>

    <p class='ocr_par' dir='ltr' id='par_1_4' title="bbox 67 2025 1189 2465">
     <span class='ocr_line' id='line_1_21' title="bbox 67 2025 1126 2118; baseline 0.005 -32"><span class='ocrx_word' id='word_1_153' title='bbox 67 2044 95 2085; x_wconf 86' lang='grc'><strong>10</strong></span> <span class='ocrx_word' id='word_1_154' title='bbox 107 2028 202 2109; x_wconf 90' lang='lat' dir='ltr'><strong>parte</strong></span> <span class='ocrx_word' id='word_1_155' title='bbox 228 2025 265 2089; x_wconf 92' lang='lat' dir='ltr'><strong>in</strong></span> <span class='ocrx_word' id='word_1_156' title='bbox 291 2025 455 2091; x_wconf 79' lang='lat' dir='ltr'><strong>Euxinum</strong></span> <span class='ocrx_word' id='word_1_157' title='bbox 484 2030 516 2092; x_wconf 92' lang='grc'><strong>11</strong></span> <span class='ocrx_word' id='word_1_158' title='bbox 538 2025 704 2092; x_wconf 74' lang='lat' dir='ltr'><strong>Maeotide</strong></span> <span class='ocrx_word' id='word_1_159' title='bbox 730 2031 763 2092; x_wconf 89' lang='lat' dir='ltr'><strong>et</strong></span> <span class='ocrx_word' id='word_1_160' title='bbox 790 2026 931 2118; x_wconf 74' lang='lat' dir='ltr'><strong>Tanain,</strong></span> <span class='ocrx_word' id='word_1_161' title='bbox 959 2027 1064 2091; x_wconf 89' lang='lat' dir='ltr'><strong>altera</strong></span> <span class='ocrx_word' id='word_1_162' title='bbox 1090 2029 1126 2091; x_wconf 91' lang='lat' dir='ltr'><strong>in</strong></span> 
     </span>
     <span class='ocr_line' id='line_1_22' title="bbox 109 2111 1127 2199; baseline 0.002 -21"><span class='ocrx_word' id='word_1_163' title='bbox 109 2111 265 2197; x_wconf 75' lang='lat' dir='ltr'><strong>Caspium</strong></span> <span class='ocrx_word' id='word_1_164' title='bbox 287 2114 426 2199; x_wconf 84' lang='lat' dir='ltr'><strong>pelagus</strong></span> <span class='ocrx_word' id='word_1_165' title='bbox 444 2114 584 2199; x_wconf 83' lang='lat' dir='ltr'><strong>obversi,</strong></span> <span class='ocrx_word' id='word_1_166' title='bbox 607 2111 746 2180; x_wconf 77' lang='lat' dir='ltr'><strong>Cerauni</strong></span> <span class='ocrx_word' id='word_1_167' title='bbox 770 2115 935 2198; x_wconf 90' lang='lat' dir='ltr'><strong>dicuntur,</strong></span> <span class='ocrx_word' id='word_1_168' title='bbox 958 2115 1044 2179; x_wconf 91' lang='lat' dir='ltr'><strong>idem</strong></span> <span class='ocrx_word' id='word_1_169' title='bbox 1068 2116 1127 2180; x_wconf 89' lang='lat' dir='ltr'><strong>ali·</strong></span> 
     </span>
     <span class='ocr_line' id='line_1_23' title="bbox 106 2201 1125 2288; baseline 0.004 -22"><span class='ocrx_word' id='word_1_170' title='bbox 106 2202 164 2267; x_wconf 93' lang='lat' dir='ltr'><strong>uhi</strong></span> <span class='ocrx_word' id='word_1_171' title='bbox 192 2201 324 2268; x_wconf 81' lang='lat' dir='ltr'><strong>Taurici</strong></span> <span class='ocrx_word' id='word_1_172' title='bbox 350 2202 477 2269; x_wconf 91' lang='lat' dir='ltr'><strong>Moschi</strong></span> <span class='ocrx_word' id='word_1_173' title='bbox 503 2202 696 2268; x_wconf 82' lang='lat' dir='ltr'><strong>Amazonici</strong></span> <span class='ocrx_word' id='word_1_174' title='bbox 724 2201 836 2288; x_wconf 89' lang='lat' dir='ltr'><strong>Caspii</strong></span> <span class='ocrx_word' id='word_1_175' title='bbox 869 2201 1018 2269; x_wconf 82' lang='lat' dir='ltr'><strong>Coraxici</strong></span> <span class='ocrx_word' id='word_1_176' title='bbox 1045 2201 1125 2270; x_wconf 89' lang='lat' dir='ltr'><strong>Cau·</strong></span> 
     </span>
     <span class='ocr_line' id='line_1_24' title="bbox 106 2291 1125 2379; baseline 0.002 -23"><span class='ocrx_word' id='word_1_177' title='bbox 106 2291 195 2375; x_wconf 90' lang='lat' dir='ltr'><strong>casii,</strong></span> <span class='ocrx_word' id='word_1_178' title='bbox 213 2295 251 2356; x_wconf 93' lang='lat' dir='ltr'><strong>ut</strong></span> <span class='ocrx_word' id='word_1_179' title='bbox 270 2291 344 2356; x_wconf 89' lang='lat' dir='ltr'><strong>aliis</strong></span> <span class='ocrx_word' id='word_1_180' title='bbox 364 2292 479 2358; x_wconf 87' lang='lat' dir='ltr'><strong>aliisve</strong></span> <span class='ocrx_word' id='word_1_181' title='bbox 499 2292 639 2376; x_wconf 76' lang='lat' dir='ltr'><strong>adpositi</strong></span> <span class='ocrx_word' id='word_1_182' title='bbox 657 2292 811 2379; x_wconf 79' lang='lat' dir='ltr'><strong>gentibus</strong></span> <span class='ocrx_word' id='word_1_183' title='bbox 826 2293 874 2358; x_wconf 91' lang='lat' dir='ltr'><strong>ita</strong></span> <span class='ocrx_word' id='word_1_184' title='bbox 893 2292 969 2357; x_wconf 90' lang='lat' dir='ltr'><strong>aliis</strong></span> <span class='ocrx_word' id='word_1_185' title='bbox 987 2292 1125 2378; x_wconf 89' lang='lat' dir='ltr'><strong>aliisque</strong></span> 
     </span>
     <span class='ocr_line' id='line_1_25' title="bbox 106 2379 1189 2465; baseline 0.003 -21"><span class='ocrx_word' id='word_1_186' title='bbox 106 2379 184 2445; x_wconf 90' lang='lat' dir='ltr'><strong>dicti</strong></span> <span class='ocrx_word' id='word_1_187' title='bbox 211 2381 407 2447; x_wconf 86' lang='lat' dir='ltr'><strong>nominibus.</strong></span> <span class='ocrx_word' id='word_1_188' title='bbox 452 2384 487 2447; x_wconf 88' lang='lat' dir='ltr'><strong>at</strong></span> <span class='ocrx_word' id='word_1_189' title='bbox 513 2381 546 2446; x_wconf 92' lang='lat' dir='ltr'><strong>in</strong></span> <span class='ocrx_word' id='word_1_190' title='bbox 569 2382 675 2465; x_wconf 85' lang='lat' dir='ltr'><strong>primo</strong></span> <span class='ocrx_word' id='word_1_191' title='bbox 698 2382 783 2446; x_wconf 87' lang='lat' dir='ltr'><strong>flexu</strong></span> <span class='ocrx_word' id='word_1_192' title='bbox 806 2382 872 2446; x_wconf 87' lang='lat' dir='ltr'><strong>iam</strong></span> <span class='ocrx_word' id='word_1_193' title='bbox 900 2381 990 2446; x_wconf 81' lang='lat' dir='ltr'><strong>curvi</strong></span> <span class='ocrx_word' id='word_1_194' title='bbox 1017 2381 1189 2447; x_wconf 85' lang='lat' dir='ltr'><strong>litoris110</strong></span> 
     </span>
    </p>

    <p class='ocr_par' dir='ltr' id='par_1_5' title="bbox 68 2468 1126 2820">
     <span class='ocr_line' id='line_1_26' title="bbox 68 2468 1125 2554; baseline 0.009 -28"><span class='ocrx_word' id='word_1_195' title='bbox 68 2485 95 2526; x_wconf 81' lang='lat' dir='ltr'><strong>aa</strong></span> <span class='ocrx_word' id='word_1_196' title='bbox 109 2468 266 2551; x_wconf 88' lang='lat' dir='ltr'><strong>oppidum</strong></span> <span class='ocrx_word' id='word_1_197' title='bbox 295 2474 345 2535; x_wconf 89' lang='lat' dir='ltr'><strong>est</strong></span> <span class='ocrx_word' id='word_1_198' title='bbox 369 2469 454 2554; x_wconf 92' lang='lat' dir='ltr'><strong>quod</strong></span> <span class='ocrx_word' id='word_1_199' title='bbox 478 2468 594 2534; x_wconf 87' lang='lat' dir='ltr'><strong>Graeci</strong></span> <span class='ocrx_word' id='word_1_200' title='bbox 615 2474 813 2535; x_wconf 74' lang='lat' dir='ltr'><strong>mercatores</strong></span> <span class='ocrx_word' id='word_1_201' title='bbox 842 2469 1064 2554; x_wconf 88' lang='lat' dir='ltr'><strong>constituisse,</strong></span> <span class='ocrx_word' id='word_1_202' title='bbox 1092 2474 1125 2535; x_wconf 89' lang='lat' dir='ltr'><strong>et</strong></span> 
     </span>
     <span class='ocr_line' id='line_1_27' title="bbox 105 2556 1126 2643; baseline 0.004 -23"><span class='ocrx_word' id='word_1_203' title='bbox 105 2556 183 2640; x_wconf 86' lang='lat' dir='ltr'><strong>quia</strong></span> <span class='ocrx_word' id='word_1_204' title='bbox 215 2577 289 2624; x_wconf 91' lang='lat' dir='ltr'><strong>cum</strong></span> <span class='ocrx_word' id='word_1_205' title='bbox 321 2579 417 2624; x_wconf 88' lang='lat' dir='ltr'><strong>caeca</strong></span> <span class='ocrx_word' id='word_1_206' title='bbox 445 2561 642 2641; x_wconf 86' lang='lat' dir='ltr'><strong>tempestate</strong></span> <span class='ocrx_word' id='word_1_207' title='bbox 674 2561 869 2643; x_wconf 77' lang='lat' dir='ltr'><strong>agerentur,</strong></span> <span class='ocrx_word' id='word_1_208' title='bbox 904 2557 1029 2642; x_wconf 84' lang='lat' dir='ltr'><strong>ignaris</strong></span> <span class='ocrx_word' id='word_1_209' title='bbox 1062 2580 1126 2643; x_wconf 86' lang='lat' dir='ltr'><strong>qua</strong></span> 
     </span>
     <span class='ocr_line' id='line_1_28' title="bbox 105 2643 1124 2732; baseline 0.003 -22"><span class='ocrx_word' id='word_1_210' title='bbox 105 2649 195 2710; x_wconf 89' lang='lat' dir='ltr'><strong>terra</strong></span> <span class='ocrx_word' id='word_1_211' title='bbox 218 2650 305 2711; x_wconf 89' lang='lat' dir='ltr'><strong>esset</strong></span> <span class='ocrx_word' id='word_1_212' title='bbox 329 2647 423 2730; x_wconf 80' lang='lat' dir='ltr'><strong>cycni</strong></span> <span class='ocrx_word' id='word_1_213' title='bbox 445 2667 509 2711; x_wconf 81' lang='lat' dir='ltr'><strong>uox</strong></span> <span class='ocrx_word' id='word_1_214' title='bbox 531 2650 645 2712; x_wconf 90' lang='lat' dir='ltr'><strong>notam</strong></span> <span class='ocrx_word' id='word_1_215' title='bbox 668 2646 816 2730; x_wconf 85' lang='lat' dir='ltr'><strong>dederat,</strong></span> <span class='ocrx_word' id='word_1_216' title='bbox 844 2643 992 2731; x_wconf 86' lang='lat' dir='ltr'><strong>Cycnum</strong></span> <span class='ocrx_word' id='word_1_217' title='bbox 1015 2647 1124 2732; x_wconf 90' lang='lat' dir='ltr'><strong>adpel-</strong></span> 
     </span>
     <span class='ocr_line' id='line_1_29' title="bbox 103 2734 1125 2820; baseline 0.003 -22"><span class='ocrx_word' id='word_1_218' title='bbox 103 2734 191 2800; x_wconf 84' lang='grc'><strong>11111</strong></span> <span class='ocrx_word' id='word_1_219' title='bbox 214 2735 374 2800; x_wconf 91' lang='lat' dir='ltr'><strong>dicuntur.</strong></span> <span class='ocrx_word' id='word_1_220' title='bbox 420 2735 547 2818; x_wconf 87' lang='lat' dir='ltr'><strong>reliqua</strong></span> <span class='ocrx_word' id='word_1_221' title='bbox 570 2735 639 2800; x_wconf 91' lang='lat' dir='ltr'><strong>eius</strong></span> <span class='ocrx_word' id='word_1_222' title='bbox 662 2735 751 2800; x_wconf 85' lang='lat' dir='ltr'><strong>ferae</strong></span> <span class='ocrx_word' id='word_1_223' title='bbox 780 2735 987 2820; x_wconf 90' lang='lat' dir='ltr'><strong>incultaeque</strong></span> <span class='ocrx_word' id='word_1_224' title='bbox 1010 2739 1125 2820; x_wconf 82' lang='lat' dir='ltr'><strong>gentes</strong></span> 
     </span>
    </p>
   </div>
   <div class='ocr_carea' id='block_1_3' title="bbox 118 2889 1126 3088">
    <p class='ocr_par' dir='ltr' id='par_1_6' title="bbox 118 2889 1126 3088">
     <span class='ocr_line' id='line_1_30' title="bbox 178 2889 1126 2960; baseline 0 -16"><span class='ocrx_word' id='word_1_225' title='bbox 178 2897 202 2944; x_wconf 90' lang='lat'><strong>2.</strong></span> <span class='ocrx_word' id='word_1_226' title='bbox 222 2889 431 2960; x_wconf 65' lang='grc'><strong>1111111311111111</strong></span> <span class='ocrx_word' id='word_1_227' title='bbox 450 2889 596 2960; x_wconf 82' lang='lat' dir='ltr'><strong>attingunt</strong></span> <span class='ocrx_word' id='word_1_228' title='bbox 608 2889 650 2944; x_wconf 69' lang='lat' dir='ltr'><strong>Ai</strong></span> <span class='ocrx_word' id='word_1_229' title='bbox 704 2897 728 2946; x_wconf 82' lang='lat'><strong>3.</strong></span> <span class='ocrx_word' id='word_1_230' title='bbox 748 2890 824 2944; x_wconf 90' lang='lat' dir='ltr'><strong>ultra</strong></span> <span class='ocrx_word' id='word_1_231' title='bbox 842 2889 994 2944; x_wconf 89' lang='lat' dir='ltr'><strong>carambim</strong></span> <span class='ocrx_word' id='word_1_232' title='bbox 1008 2890 1036 2944; x_wconf 97' lang='lat' dir='ltr'><strong><em>A</em></strong></span> <span class='ocrx_word' id='word_1_233' title='bbox 1049 2891 1126 2944; x_wconf 86' lang='lat' dir='ltr'><strong>ultra</strong></span> 
     </span>
     <span class='ocr_line' id='line_1_31' title="bbox 118 2958 1124 3033; baseline 0 -19"><span class='ocrx_word' id='word_1_234' title='bbox 118 2958 233 3014; x_wconf 77' lang='lat' dir='ltr'><strong>Vinctos</strong></span> <span class='ocrx_word' id='word_1_235' title='bbox 304 2967 328 3014; x_wconf 84' lang='grc'><strong>9.</strong></span> <span class='ocrx_word' id='word_1_236' title='bbox 348 2958 474 3031; x_wconf 87' lang='lat' dir='ltr'><strong>adpulsis</strong></span> <span class='ocrx_word' id='word_1_237' title='bbox 498 2961 538 3015; x_wconf 92' lang='lat' dir='ltr'><strong>A¹</strong></span> <span class='ocrx_word' id='word_1_238' title='bbox 561 2960 688 3033; x_wconf 87' lang='lat' dir='ltr'><strong>appulsis</strong></span> <span class='ocrx_word' id='word_1_239' title='bbox 711 2960 753 3014; x_wconf 80' lang='lat' dir='ltr'><strong>A²</strong></span> <span class='ocrx_word' id='word_1_240' title='bbox 826 2967 867 3016; x_wconf 89' lang='lat'><strong>10.</strong></span> <span class='ocrx_word' id='word_1_241' title='bbox 891 2960 1074 3015; x_wconf 83' lang='lat' dir='ltr'><strong>macrocefali</strong></span> <span class='ocrx_word' id='word_1_242' title='bbox 1096 2961 1124 3014; x_wconf 90' lang='lat' dir='ltr'><strong><em>A</em></strong></span> 
     </span>
     <span class='ocr_line' id='line_1_32' title="bbox 145 3029 1089 3088; baseline 0.005 -6"><span class='ocrx_word' id='word_1_243' title='bbox 145 3029 267 3084; x_wconf 88' lang='lat' dir='ltr'><strong>discheri</strong></span> <span class='ocrx_word' id='word_1_244' title='bbox 280 3031 308 3084; x_wconf 92' lang='lat' dir='ltr'><strong><em>A</em></strong></span> <span class='ocrx_word' id='word_1_245' title='bbox 321 3031 435 3087; x_wconf 87' lang='lat' dir='ltr'><strong>Bechiri</strong></span> <span class='ocrx_word' id='word_1_246' title='bbox 451 3031 563 3087; x_wconf 75' lang='lat' dir='ltr'><strong>Vossius</strong></span> <span class='ocrx_word' id='word_1_247' title='bbox 601 3038 641 3086; x_wconf 88' lang='lat'><strong>11.</strong></span> <span class='ocrx_word' id='word_1_248' title='bbox 657 3031 763 3086; x_wconf 84' lang='lat' dir='ltr'><strong>burredi</strong></span> <span class='ocrx_word' id='word_1_249' title='bbox 778 3031 805 3085; x_wconf 94' lang='lat' dir='ltr'><strong><em>A</em></strong></span> <span class='ocrx_word' id='word_1_250' title='bbox 820 3031 923 3086; x_wconf 83' lang='lat' dir='ltr'><strong>Buxeri</strong></span> <span class='ocrx_word' id='word_1_251' title='bbox 943 3031 1089 3088; x_wconf 78' lang='lat' dir='ltr'><strong>Vedianas</strong></span> 
     </span>
    </p>
   </div>
   <div class='ocr_carea' id='block_1_4' title="bbox 108 3100 1124 3225">
    <p class='ocr_par' dir='ltr' id='par_1_7' title="bbox 108 3100 1124 3225">
     <span class='ocr_line' id='line_1_33' title="bbox 108 3100 1124 3225; baseline 0.001 -69"><span class='ocrx_word' id='word_1_252' title='bbox 108 3102 155 3156; x_wconf 89' lang='grc'><strong>111</strong></span> <span class='ocrx_word' id='word_1_253' title='bbox 174 3100 215 3154; x_wconf 91' lang='lat' dir='ltr'><strong>A¹</strong></span> <span class='ocrx_word' id='word_1_254' title='bbox 234 3101 263 3154; x_wconf 89' lang='lat' dir='ltr'><strong>et</strong></span> <span class='ocrx_word' id='word_1_255' title='bbox 276 3100 318 3154; x_wconf 79' lang='lat' dir='ltr'><strong>A²</strong></span> <span class='ocrx_word' id='word_1_256' title='bbox 373 3108 472 3158; x_wconf 88' lang='lat'>11.12.</span> <span class='ocrx_word' id='word_1_257' title='bbox 491 3102 625 3156; x_wconf 88' lang='lat' dir='ltr'><strong>inlustres</strong></span> <span class='ocrx_word' id='word_1_258' title='bbox 639 3102 681 3156; x_wconf 87' lang='lat' dir='ltr'><strong>A¹</strong></span> <span class='ocrx_word' id='word_1_259' title='bbox 699 3101 824 3157; x_wconf 86' lang='lat' dir='ltr'><strong>illustres</strong></span> <span class='ocrx_word' id='word_1_260' title='bbox 843 3102 885 3156; x_wconf 70' lang='lat' dir='ltr'><strong>A*</strong></span> <span class='ocrx_word' id='word_1_261' title='bbox 940 3109 982 3159; x_wconf 89' lang='lat'><strong>12.</strong></span> <span class='ocrx_word' id='word_1_262' title='bbox 1001 3105 1124 3225; x_wconf 80' lang='lat' dir='ltr'><strong>bosporo</strong></span> 
     </span>
    </p>
   </div>
   <div class='ocr_carea' id='block_1_5' title="bbox 104 3170 1136 3526">
    <p class='ocr_par' dir='ltr' id='par_1_8' title="bbox 106 3170 1124 3316">
     <span class='ocr_line' id='line_1_34' title="bbox 106 3170 1124 3243; baseline 0.001 -17"><span class='ocrx_word' id='word_1_263' title='bbox 106 3173 147 3226; x_wconf 91' lang='lat' dir='ltr'><strong>A¹</strong></span> <span class='ocrx_word' id='word_1_264' title='bbox 161 3170 305 3242; x_wconf 87' lang='lat' dir='ltr'><strong>bosphoro</strong></span> <span class='ocrx_word' id='word_1_265' title='bbox 319 3172 360 3226; x_wconf 79' lang='lat' dir='ltr'><strong>A’</strong></span> <span class='ocrx_word' id='word_1_266' title='bbox 415 3179 456 3227; x_wconf 88' lang='lat'><strong>14.</strong></span> <span class='ocrx_word' id='word_1_267' title='bbox 473 3173 613 3228; x_wconf 90' lang='lat' dir='ltr'><strong>adtollens</strong></span> <span class='ocrx_word' id='word_1_268' title='bbox 627 3173 668 3226; x_wconf 93' lang='lat' dir='ltr'><strong>A¹</strong></span> <span class='ocrx_word' id='word_1_269' title='bbox 682 3172 816 3229; x_wconf 86' lang='lat' dir='ltr'><strong>attollens</strong></span> <span class='ocrx_word' id='word_1_270' title='bbox 834 3173 877 3228; x_wconf 72' lang='lat' dir='ltr'><strong>A‘</strong></span> <span class='ocrx_word' id='word_1_271' title='bbox 932 3181 973 3231; x_wconf 84' lang='lat'><strong>16.</strong></span> <span class='ocrx_word' id='word_1_272' title='bbox 993 3191 1048 3243; x_wconf 88' lang='lat' dir='ltr'><strong>quo</strong></span> <span class='ocrx_word' id='word_1_273' title='bbox 1083 3174 1124 3227; x_wconf 90' lang='lat' dir='ltr'><strong>A¹</strong></span> 
     </span>
     <span class='ocr_line' id='line_1_35' title="bbox 107 3242 1124 3316; baseline 0.001 -20"><span class='ocrx_word' id='word_1_274' title='bbox 107 3259 162 3312; x_wconf 91' lang='lat' dir='ltr'><strong>quo</strong></span> <span class='ocrx_word' id='word_1_275' title='bbox 181 3243 223 3296; x_wconf 64' lang='lat' dir='ltr'><strong>A²</strong></span> <span class='ocrx_word' id='word_1_276' title='bbox 296 3247 337 3297; x_wconf 86' lang='lat'><strong>18.</strong></span> <span class='ocrx_word' id='word_1_277' title='bbox 356 3242 429 3316; x_wconf 89' lang='grc'><strong>&lt;11&gt;</strong></span> <span class='ocrx_word' id='word_1_278' title='bbox 451 3243 493 3298; x_wconf 66' lang='lat' dir='ltr'><strong>A2</strong></span> <span class='ocrx_word' id='word_1_279' title='bbox 565 3250 608 3299; x_wconf 87' lang='lat'><strong>22.</strong></span> <span class='ocrx_word' id='word_1_280' title='bbox 629 3244 706 3315; x_wconf 85' lang='lat' dir='ltr'><strong>caepi</strong></span> <span class='ocrx_word' id='word_1_281' title='bbox 729 3245 757 3298; x_wconf 87' lang='lat' dir='ltr'><strong><em>A</em></strong></span> <span class='ocrx_word' id='word_1_282' title='bbox 830 3252 872 3300; x_wconf 90' lang='lat'><strong>22.</strong></span> <span class='ocrx_word' id='word_1_283' title='bbox 893 3252 936 3302; x_wconf 83' lang='lat'><strong>23.</strong></span> <span class='ocrx_word' id='word_1_284' title='bbox 960 3244 1073 3299; x_wconf 88' lang='lat' dir='ltr'><strong>caucasi</strong></span> <span class='ocrx_word' id='word_1_285' title='bbox 1096 3245 1124 3298; x_wconf 90' lang='lat' dir='ltr'><strong><em>A</em></strong></span> 
     </span>
    </p>

    <p class='ocr_par' dir='ltr' id='par_1_9' title="bbox 104 3312 1136 3526">
     <span class='ocr_line' id='line_1_36' title="bbox 160 3312 1124 3384; baseline 0 -16"><span class='ocrx_word' id='word_1_286' title='bbox 160 3319 203 3368; x_wconf 82' lang='lat'><strong>23.</strong></span> <span class='ocrx_word' id='word_1_287' title='bbox 224 3312 363 3383; x_wconf 88' lang='lat' dir='ltr'><strong>adpositis</strong></span> <span class='ocrx_word' id='word_1_288' title='bbox 382 3314 423 3367; x_wconf 90' lang='lat' dir='ltr'><strong>A¹</strong></span> <span class='ocrx_word' id='word_1_289' title='bbox 442 3314 582 3384; x_wconf 90' lang='lat' dir='ltr'><strong>appositis</strong></span> <span class='ocrx_word' id='word_1_290' title='bbox 601 3315 642 3369; x_wconf 71' lang='lat' dir='ltr'><strong>A²</strong></span> <span class='ocrx_word' id='word_1_291' title='bbox 697 3322 738 3371; x_wconf 87' lang='lat'><strong>24.</strong></span> <span class='ocrx_word' id='word_1_292' title='bbox 759 3315 796 3369; x_wconf 88' lang='lat' dir='ltr'><strong>ad</strong></span> <span class='ocrx_word' id='word_1_293' title='bbox 814 3317 855 3370; x_wconf 90' lang='lat' dir='ltr'><strong>A¹</strong></span> <span class='ocrx_word' id='word_1_294' title='bbox 875 3320 905 3371; x_wconf 89' lang='lat' dir='ltr'><strong>at</strong></span> <span class='ocrx_word' id='word_1_295' title='bbox 918 3316 959 3370; x_wconf 83' lang='lat' dir='ltr'><strong>A²</strong></span> <span class='ocrx_word' id='word_1_296' title='bbox 1013 3314 1124 3369; x_wconf 83' lang='lat' dir='ltr'><strong>clitoris</strong></span> 
     </span>
     <span class='ocr_line' id='line_1_37' title="bbox 105 3383 1136 3455; baseline -0.001 -16"><span class='ocrx_word' id='word_1_297' title='bbox 105 3385 146 3439; x_wconf 86' lang='lat' dir='ltr'><strong>A¹</strong></span> <span class='ocrx_word' id='word_1_298' title='bbox 164 3384 258 3439; x_wconf 86' lang='lat' dir='ltr'><strong>litoris</strong></span> <span class='ocrx_word' id='word_1_299' title='bbox 281 3383 323 3437; x_wconf 62' lang='lat' dir='ltr'><strong>A⁹</strong></span> <span class='ocrx_word' id='word_1_300' title='bbox 396 3392 438 3441; x_wconf 80' lang='lat'><strong>26.</strong></span> <span class='ocrx_word' id='word_1_301' title='bbox 457 3386 564 3455; x_wconf 80' lang='lat' dir='ltr'><strong>ignaris</strong></span> <span class='ocrx_word' id='word_1_302' title='bbox 588 3402 659 3455; x_wconf 88' lang='lat' dir='ltr'><strong>quae</strong></span> <span class='ocrx_word' id='word_1_303' title='bbox 677 3388 706 3441; x_wconf 91' lang='lat' dir='ltr'><strong><em>A</em></strong></span> <span class='ocrx_word' id='word_1_304' title='bbox 724 3386 833 3455; x_wconf 79' lang='lat' dir='ltr'><strong>ignaris</strong></span> <span class='ocrx_word' id='word_1_305' title='bbox 851 3403 908 3454; x_wconf 83' lang='lat' dir='ltr'><strong>qua</strong></span> <span class='ocrx_word' id='word_1_306' title='bbox 924 3403 945 3441; x_wconf 81' lang='lat' dir='ltr'><strong>oe</strong></span> <span class='ocrx_word' id='word_1_307' title='bbox 1016 3392 1136 3438; x_wconf 57' lang='lat'>2122.</span> 
     </span>
     <span class='ocr_line' id='line_1_38' title="bbox 104 3455 548 3526; baseline 0 -16"><span class='ocrx_word' id='word_1_308' title='bbox 104 3455 264 3525; x_wconf 86' lang='lat' dir='ltr'><strong>adpellasse</strong></span> <span class='ocrx_word' id='word_1_309' title='bbox 278 3455 319 3509; x_wconf 90' lang='lat' dir='ltr'><strong>A¹</strong></span> <span class='ocrx_word' id='word_1_310' title='bbox 334 3456 492 3526; x_wconf 88' lang='lat' dir='ltr'><strong>appellasse</strong></span> <span class='ocrx_word' id='word_1_311' title='bbox 506 3456 548 3510; x_wconf 66' lang='lat' dir='ltr'><strong>A*</strong></span> 
     </span>
    </p>
   </div>
   <div class='ocr_carea' id='block_1_6' title="bbox 0 0 1260 3824">
    <p class='ocr_par' dir='ltr' id='par_1_10' title="bbox 0 0 1260 3824">
     <span class='ocr_line' id='line_1_39' title="bbox 0 0 1260 3824; baseline 0 2"><span class='ocrx_word' id='word_1_312' title='bbox 0 0 1260 3824; x_wconf 95' lang='lat' dir='ltr'><strong> </strong></span> 
     </span>
    </p>
   </div>
  </div>
 </body>
</html>
