2512 3824
379 187 561 242 caenosa.
581 189 620 242 111
638 193 663 242 e.
683 193 699 242 e
719 189 848 260 (re-sa)
1078 188 1120 254 67

103 353 270 437 litoribus,
296 350 415 416 Gallici
441 350 584 415 numinis
611 349 741 415 oraculo
769 351 908 436 insignis
937 355 999 430 est,
1030 351 1120 417 euius

104 441 270 507 antistites
294 442 452 523 perpetua
474 438 664 522 virginitate
688 441 819 504 sanetae
846 461 980 504 numero
1003 461 1121 506 novem

103 552 174 595 csse
196 529 382 594 traduntur:
411 526 595 592 Gallicanas
618 531 751 611 vocent,
775 530 957 611 putantque
979 529 1120 613 ingeniis

104 617 325 703 singularibus
349 616 513 700 praeditas
537 616 641 681 maria
664 637 701 681 ac
725 620 841 681 ventos
869 616 1031 681 concitare
1055 638 1121 683 car-

75 725 88 764 s
103 707 257 790 minibus,
277 727 376 790 seque
394 705 429 769 in
448 726 530 788 quae
548 705 653 769 velint
676 704 832 770 animalia
849 709 986 789 vertere,
1006 726 1121 770 sanare

48 847 54 856 .
102 816 185 879 quae
217 794 304 878 apud
336 794 418 859 alios
451 793 648 858 insanabilia
680 796 770 877 sunt,
804 793 888 858 scire
918 797 1056 859 ventura
1088 797 1121 858 et

101 882 304 968 praedicare,
328 882 383 948 scd
405 882 537 948 nonnisi
559 881 684 947 deditas
707 882 950 967 navigantibus,
974 886 1007 947 et
1030 883 1064 946 in
1086 881 1120 947 id

101 975 232 1037 tantum
255 975 293 1036 ut
316 993 350 1036 se
375 971 580 1037 consulerent
565 969 765 1054 t.profectis
810 970 984 1036 Britannia
1011 971 1119 1073 qualis
1138 987 1172 1036 49

102 1061 147 1126 sit
175 1061 350 1145 qualesque
378 1063 575 1145 progeneret
601 1081 678 1125 mox
706 1059 906 1124 certiorat
874 1063 906 1125 et
933 1060 1038 1144 magis
1067 1081 1119 1124 ex-

61 1167 88 1206 10
101 1151 231 1233 plorata
253 1149 408 1214 dicentur.
454 1148 611 1233 quippet
598 1147 722 1213 tamdiu
745 1148 890 1213 clausam
919 1150 1024 1233 aperit
1047 1169 1119 1214 ecce

100 1239 283 1322 principum
310 1237 485 1320 maximus,
512 1257 573 1300 nec
599 1235 830 1301 indomitarum
858 1237 955 1302 modo
984 1240 1074 1302 ante
1085 1259 1119 1304 se

99 1349 212 1391 verum
235 1327 423 1411 ignotarum
447 1345 574 1410 quoque
598 1325 745 1408 gentium
767 1325 883 1410 victor,
911 1327 1119 1410 propriarum

99 1436 209 1478 rerum
231 1414 329 1478 fidem
353 1416 389 1479 ut
410 1413 498 1477 bello
523 1413 697 1497 affectavit,
718 1415 766 1479 ita
787 1414 955 1497 triumpho
980 1415 1120 1478 declara·

100 1507 193 1567 turus
207 1505 328 1585 portat.
365 1504 508 1566 ceterum
525 1505 563 1566 ut
577 1501 681 1566 adhuc
694 1501 867 1566 habuimus
887 1502 974 1566 inter
992 1506 1119 1586 septen·
1137 1517 1172 1567 50

60 1606 86 1648 15
100 1591 242 1656 trionem
271 1589 530 1674 occidentemque
557 1590 704 1673 proiecta
731 1590 846 1674 grandi
869 1591 989 1675 angulo
1013 1589 1119 1655 Rheni

100 1679 184 1745 ostia
215 1677 386 1763 prospicit,
418 1677 493 1743 dein
525 1678 659 1763 obliqua
691 1682 778 1743 retro
811 1680 915 1745 latera
948 1679 1118 1764 abstrahit,

100 1769 203 1834 altero
223 1767 365 1833 Galliam
384 1767 487 1832 altero
507 1765 715 1832 Germaniam
736 1771 894 1852 spectans,
916 1772 987 1834 tum
1007 1790 1118 1834 rursus

98 1855 715 2028 lihiutsmlfffilssaliffbssiss
737 1857 1118 2028 ιῖῗιξῗῆἶέζιὲἴζῗῗῗ

61 2048 88 2088 2⁰
103 2030 234 2098 Siciliae
252 2031 393 2096 maxime
412 2031 538 2114 similis,
561 2032 668 2116 plana,
691 2032 816 2117 ingens,
834 2031 981 2116 fecunda,
1004 2054 1116 2098 verum

100 2121 143 2185 iis
166 2141 249 2204 quae
270 2141 390 2204 pecora
412 2141 510 2204 quam
537 2119 686 2185 homines
709 2120 880 2206 benignius
909 2121 1008 2186 alant.
1053 2121 1118 2186 fert
1136 2135 1169 2186 51

98 2231 234 2275 nemora
267 2209 447 2293 saltusque,
481 2229 518 2274 ac
549 2209 770 2295 praegrandia
800 2209 949 2294 flumina,
981 2210 1117 2275 alternis

99 2299 243 2363 motibus
262 2298 359 2364 modo
382 2299 417 2362 in
434 2299 571 2382 pelagus
590 2298 685 2363 modo
709 2302 797 2363 retro
816 2298 952 2363 fluentia
970 2303 1003 2364 et
1023 2320 1117 2382 quae-

100 2388 175 2452 dam
197 2409 342 2471 gemmas
365 2387 627 2471 margaritasque
651 2387 851 2470 generantia.
896 2386 960 2451 fert
977 2387 1116 2469 populos

60 2489 86 2531 2⁶
100 2495 258 2559 regesque
276 2475 484 2558 populorum,
509 2474 565 2539 sed
587 2479 664 2539 sunt
681 2475 799 2539 inculti
818 2496 940 2557 omncs,
964 2477 1061 2558 atque
1080 2477 1117 2539 ut

98 2563 228 2646 longius
253 2584 272 2626 a
295 2562 474 2627 continenti
502 2563 621 2628 absunt
649 2563 698 2627 ita
722 2563 828 2647 magis
857 2563 994 2628 aliarum
1017 2585 1116 2647 epum

98 2651 219 2736 ignari,
247 2653 376 2716 tantum
404 2673 520 2735 pecore
549 2673 586 2716 ac
613 2651 735 2718 finibus
763 2651 861 2737 dites,
889 2652 1049 2717 incertum
1072 2653 1114 2717 eb

98 2741 245 2805 decorem
272 2740 413 2824 enquid
442 2739 529 2805 aliud
557 2740 641 2805 vitro
670 2761 808 2824 corpora
834 2739 954 2806 infecti.
1000 2762 1113 2805 causas
1133 2757 1168 2806 δι

98 2833 209 2893 tamen
231 2829 391 2894 bellorum
414 2832 447 2893 et
468 2829 557 2893 bella
580 2829 778 2895 contrahunt
806 2851 843 2893 ac
867 2851 902 2893 se
929 2829 1114 2911 frequenter

99 3005 216 3088 dieque
244 3026 282 3068 ea
308 3005 494 3085 prolatandi
518 3026 600 3089 quae
631 3004 807 3088 possident.
859 3004 1016 3069 dimicant
1048 3027 1114 3070 non

99 3093 247 3178 equitatu
270 3093 365 3158 modo
389 3097 446 3158 aut
468 3093 583 3177 pedite,
609 3115 721 3158 verum
744 3096 778 3157 et
800 3092 888 3178 bigis
912 3096 944 3158 ct
967 3093 1113 3158 curribus

169 3328 194 3377 h
218 3337 252 3375 ec
275 3321 316 3375 A¹
339 3335 407 3376 corr.
490 3327 515 3377 5.
540 3335 625 3390 seque
648 3318 679 3373 in
701 3319 744 3374 Αι
766 3335 834 3376 corr.
918 3325 941 3374 7.
966 3318 1063 3373 dedita
1085 3319 1113 3374 Δ

98 3391 209 3446 deditae
231 3391 344 3448 Vossius
403 3398 443 3447 1⁷.
463 3392 553 3446 altero
571 3391 613 3446 Αι
631 3407 700 3447 corr.
760 3395 802 3444 ab.
822 3392 907 3458 atque
926 3390 968 3444 Αι
986 3406 1057 3446 corr.

98 3467 141 3518 28.
160 3463 238 3517 aliud
256 3464 298 3519 Αι
316 3481 383 3520 corr.
438 3463 513 3517 ultro
531 3463 560 3518 A
578 3461 653 3518 vinc
672 3479 692 3518 ω
745 3466 795 3516 ab.
811 3459 857 3514 sic
880 3462 908 3512 A
923 3475 961 3511 ee
970 3459 1141 3510 Paestanus

946 3541 987 3594 b*
