2512 3824
439 182 622 240 GHOROGR.
640 182 681 237 ΙΠ
699 185 808 253 (1-11)
1084 183 1126 248 57

115 368 135 410 a
165 345 248 410 mari
281 344 436 430 grandem
472 345 579 410 lacurn
611 345 689 410 fecit
720 345 813 429 quasi
851 367 888 410 ex
920 367 1005 410 novo
1037 345 1128 411 fonte

114 435 262 519 geminus
290 433 444 517 exoritur,
477 438 679 518 quantusque
707 433 845 518 simplici
872 434 965 499 alveo
994 437 1129 499 venerat

114 526 226 586 tantus
245 521 384 606 singulis
404 521 517 588 effluit.
548 525 619 587 tum
638 522 728 587 sinus
748 522 832 587 alter
850 543 953 605 usque
972 522 1012 586 ad
1031 522 1129 587 finem

88 610 516 784 ,attttttltttt
544 608 1164 782 eldllicllillrlllilalfflltlc

42 799 47 810 ·
116 807 205 851 mare
227 786 442 852 Atlanticum
462 789 601 871 spectat,
627 787 768 871 primum
796 787 921 872 ingenti
946 748 1071 870 impetu
1094 787 1130 851 in

115 875 220 940 altum
247 875 330 958 abit,
362 875 436 940 dein
467 875 594 941 resistit
626 897 663 941 ac
696 896 730 940 se
762 876 869 961 magis
902 875 1002 941 etiam
1032 896 1129 959 quam

67 973 70 978 '
113 961 249 1028 Baetica
277 962 417 1031 abducit.
463 985 527 1048 qua
554 964 718 1047 prominet
740 965 791 1029 bis
814 965 849 1028 in
872 967 976 1029 semet
998 965 1163 1048 receptos

115 1052 198 1117 mari
216 1051 250 1117 in
268 1052 333 1117 tria
351 1052 578 1136 promunturia
596 1052 807 1138 dispergitur:
825 1052 917 1116 Anae
936 1052 1129 1136 proximum,

74 1156 100 1196 10
115 1141 192 1224 quia
218 1140 288 1206 lata
315 1140 391 1206 sede
413 1161 607 1224 procurrens
635 1140 794 1224 paulatim
818 1163 853 1206 ee
876 1162 913 1206 ac
940 1162 1000 1205 sua
1025 1141 1130 1205 latera

113 1228 261 1314 fastigat,
285 1226 414 1295 Cuneus
438 1247 517 1312 ager
540 1228 668 1313 dicitur,
691 1250 830 1314 sequens
850 1226 981 1294 Sacrum
1004 1231 1130 1313 vocant,

113 1315 270 1402 Magnum
298 1315 384 1400 quod
411 1315 547 1381 ulterius
580 1319 639 1382 est.
689 1317 723 1382 in
751 1314 860 1383 Cuneo
889 1321 965 1383 sunt
992 1316 1129 1402 Myrtili,

113 1403 232 1488 Balsa,
269 1403 458 1482 Ossonoba,
499 1405 534 1468 in
570 1403 669 1470 Sacro
705 1405 907 1490 Laccobriga
943 1409 976 1470 et
1011 1405 1129 1469 Portus

113 1491 321 1575 Hannibalis,
342 1492 378 1555 in
400 1491 521 1576 Magno
545 1491 665 1558 Ebora.
711 1494 801 1559 sinus
824 1495 999 1558 intersunt:
1024 1496 1057 1557 et
1079 1495 1130 1556 est
1148 1511 1164 1560 8

73 1597 99 1638 1⁵
113 1581 148 1644 in
165 1580 314 1664 proximo
334 1577 471 1664 Salacia,
494 1580 529 1645 in
547 1581 651 1645 altero
669 1579 822 1664 Ulisippo
845 1584 877 1645 et
894 1581 976 1664 Tagi
999 1580 1130 1658 ostium,

113 1670 219 1734 amnis
242 1689 388 1755 gemmas
408 1690 586 1752 aurumque
604 1669 802 1753 generantis.
846 1669 888 1734 ab
906 1668 959 1733 his
977 1690 1129 1752 promun-

112 1757 206 1823 turiis
238 1758 274 1823 in
304 1757 393 1822 illam
430 1761 559 1841 partem
591 1779 674 1842 quae
710 1757 845 1823 recessit
876 1757 991 1842 ingens
1028 1757 1128 1822 flexus

113 1847 270 1929 aperitur,
298 1847 458 1930 incoque
486 1850 562 1911 sunt
584 1844 721 1911 Turduli
748 1850 873 1912 veteres
898 1845 1128 1911 Turdulorum·

113 1955 175 2018 que
195 1933 324 2017 oppida,
343 1955 453 1998 amnes
473 1938 583 1999 autem
595 1933 718 1999 Munda
736 1935 771 1998 in
784 1935 926 1999 medium
940 1935 1007 1999 fere
1021 1935 1129 1999 ultimi

72 2038 99 2078 20
113 2021 329 2174 pDromunturfiri
350 2021 601 2175 latuplefflarffns,
624 2022 802 2175 ell'radioets
827 2021 971 2123 eiusdem
994 2022 1129 2194 alllugnts,

145 2131 245 2174 unus.
325 2130 383 2174 ons
414 2131 426 2172 1
453 2131 473 2173 a
570 2131 645 2175 uam
668 2132 702 2174 ru
728 2131 782 2176 rec
798 2132 852 2175 am
882 2133 910 2174 r1
935 2132 988 2174 am
1045 2131 1106 2175 ae
1148 2128 1164 2178 9

113 2198 187 2262 dein
210 2197 337 2262 modico
356 2197 442 2262 flexu
464 2131 598 2283 accolito
616 2219 692 2264 mox
714 2198 884 2283 paululum
907 2131 1036 2284 dminet,
1059 2203 1130 2264 tum

113 2286 246 2352 reducta
277 2286 396 2389 iterum
427 2287 627 2388 iterumque.
642 2295 730 2353 recto
765 2288 912 2373 margine
944 2288 1065 2388 iacens·
1089 2287 1130 2351 ad

72 2480 98 2522 a
112 2378 373 2528 ttttmtttlt
392 2375 518 2546 tlt,
542 2373 1130 2546 lliliuialiliulullffldlllij
1149 2481 1181 2530 10

112 2551 279 2635 fluuntque
302 2572 360 2633 per
383 2570 438 2615 eos
461 2549 544 2634 Avo,
565 2547 719 2634 Celadus,
741 2549 855 2635 Nobis,
876 2548 997 2615 Minius
1021 2554 1055 2616 et
1078 2551 1129 2616 cui

113 2639 287 2704 oblivionis
316 2658 494 2723 cognomen
522 2642 572 2704 eet
598 2638 713 2704 Limia.
757 2638 858 2704 flexus
886 2639 956 2723 ipse
983 2637 1128 2704 Lambri-

112 2748 204 2792 acam
222 2727 338 2793 urbem
357 2728 523 2811 amplexus
541 2727 659 2812 recipit
678 2727 793 2793 fluvios
812 2727 938 2793 Laeron
956 2731 989 2792 et
1006 2727 1128 2794 Ullam.

111 2821 239 2898 partem
262 2837 344 2900 quae
367 2817 533 2900 prominet
554 2815 800 2883 Praesamarchi
822 2816 984 2899 habitant,
1006 2837 1128 2900 perque
1148 2833 1180 2882 11

183 3029 208 3080 5.
232 3026 263 3078 at
284 3025 326 3078 A¹
353 3041 422 3081 corr.
506 3031 547 3080 12.
572 3041 659 3079 cuneo
683 3025 711 3078 A
733 3025 852 3090 (leucas
879 3040 914 3078 cu
941 3024 1005 3078 add.
1029 3023 1069 3078 A’
1096 3026 1129 3079 in

144 3094 201 3148 ctio
219 3097 317 3162 cocao)
391 3102 433 3152 13.
456 3095 534 3150 balio
553 3095 581 3149 A
603 3094 689 3149 Balsa
711 3095 858 3151 Barbarae
912 3093 1077 3164 lattobrigal
1100 3094 1129 3149 A

136 3163 286 3234 accobriga
307 3167 406 3246 scripsi
478 3172 520 3221 15.
544 3165 703 3237 proximum
725 3164 753 3218 A
827 3170 868 3222 18.
888 3163 993 3220 turauli
1016 3167 1044 3220 A
1062 3164 1130 3219 Tur-

112 3234 172 3289 duli
194 3251 216 3290 c
292 3242 333 3290 19.
358 3253 389 3289 m
410 3236 536 3292 medium
558 3236 616 3292 fere
644 3235 750 3290 munda
771 3237 800 3291 A
821 3235 927 3291 Munda
949 3235 980 3290 in
1006 3235 1130 3290 medium

111 3305 205 3361 fereo
277 3312 319 3361 20.
339 3305 458 3361 adluens
477 3309 518 3362 A¹
536 3307 645 3363 alluens
664 3306 705 3362 A²
776 3313 819 3365 tl.
839 3305 1022 3377 aliquanlldiu
1039 3308 1067 3362 A

112 3382 155 3432 25.
174 3377 266 3431 tutam
283 3378 324 3432 A¹
342 3377 433 3431 totam
447 3377 487 3431 A¹
560 3385 603 3434 27.
617 3385 660 3434 28.
675 3377 858 3433 lambriacam
871 3379 899 3432 A
916 3380 1036 3444 aittcroa
1049 3393 1130 3433 acam

112 3449 176 3503 add.
196 3447 237 3503 A’
260 3450 292 3503 ia
314 3449 404 3519 spatio
427 3455 525 3519 oocw)
597 3455 640 3505 28.
659 3448 750 3503 laeros
769 3450 797 3504 A
815 3447 929 3504 Laeron
947 3448 1069 3502 Vocatus

1227 3560 1241 3665 l
