2512 3824
111 143 154 209 28
459 141 637 198 POMPCNll
655 140 782 197 MELAB

76 311 188 374 nsunt
210 306 323 374 infesti
346 305 591 392 attingentibus.
636 304 816 370 hominum-
834 302 932 388 primi
955 307 1032 369 sunt
1052 302 1138 390 Scy·

109 396 203 481 thas,
231 393 489 480 Scytharumque
517 394 589 478 quis
617 393 737 478 singuli
765 393 851 459 oculi
881 415 951 460 esse
977 393 1137 461 dicuntur

110 483 313 568 Arimaspoe,
332 484 373 549 ab
393 485 438 551 eis
452 482 637 549 Essedones
650 503 753 566 usque
772 481 813 547 ad
827 480 1001 548 Maeotida.
1032 482 1136 548 huius

110 573 229 638 flexum
252 572 356 639 Buces
380 573 486 638 amnis
511 575 608 637 secat.
653 569 835 654 Agathyrsi
860 574 894 636 et
917 569 1135 637 Sauromatae

111 661 275 746 ambiunt3
299 663 375 746 quia
392 682 452 745 pro
472 659 603 726 sedibus
622 659 772 743 plaustra
789 659 915 724 habent
932 659 1012 724 dicti
1030 658 1162 725 Ama-⁶

110 751 235 815 xobioe.
281 750 415 833 obliqua
437 753 516 814 tunc
540 748 580 813 ad
603 747 811 831 Bosphorum
833 748 933 832 plaga
958 768 1135 815 excurrens

75 837 217 904 ePonto
241 860 279 903 ac
300 837 465 904 Maeotide
488 836 674 902 includitur.
718 836 755 900 in
777 835 934 902 Paludem
960 837 1136 920 vergentia

112 925 290 992 Satarchae
320 930 449 1010 tenent,
480 926 515 991 in
546 923 753 1009 Bosphorum
786 922 980 990 Cimmerica
1010 924 1135 1009 oppida

65 1045 69 1050 -
110 1013 327 1099 Murmecion,
353 1013 609 1098 Panticapaeon,
632 1012 830 1091 Theodosia,
851 1012 1068 1097 Hermisium,
1095 1014 1135 1079 in

110 1103 275 1168 Euxinum
298 1125 387 1168 mare
406 1103 544 1168 Taurici.
590 1124 687 1186 super
710 1123 766 1167 eos
785 1103 875 1166 sinus
898 1106 1074 1186 portuosus
1098 1105 1134 1167 et
1148 1120 1176 1160 ιο

110 1190 184 1255 ideo
208 1190 306 1257 Calos
333 1193 436 1257 limen
459 1191 642 1275 appellatus
670 1190 905 1274 promunturiis
932 1190 1058 1256 duobus
1081 1190 1133 1255 in·

111 1279 261 1344 cluditur.
312 1280 452 1345 alterum
481 1277 559 1344 Criu
588 1283 744 1362 metopon
775 1285 907 1362 vocant,
936 1276 1133 1345 Carambico

111 1368 197 1451 quod
226 1369 261 1433 in
288 1366 369 1434 Asia
397 1367 539 1433 diximus
567 1389 627 1451 par
655 1371 688 1431 ct
716 1367 901 1451 adversum,
928 1367 1133 1433 Parthenion

110 1457 261 1522 alterum.
306 1457 460 1542 oppidum
488 1456 616 1522 adiacet
643 1453 876 1539 Cherronesus,
905 1478 925 1520 a
950 1455 1074 1540 Diana,
1101 1456 1133 1521 si

110 1546 265 1630 creditur,
293 1546 472 1630 conditum,
500 1549 534 1610 et
555 1544 742 1628 nymphaeo
766 1567 865 1630 specu
888 1544 974 1628 quod
998 1544 1033 1608 in
1057 1566 1132 1610 arce
1148 1561 1175 1604 rs

74 1634 180 1698 4eius
208 1635 362 1718 nymphis
395 1637 557 1700 sacratum
591 1637 641 1697 est
672 1633 812 1697 maxime
843 1633 990 1699 inlustre.
1040 1633 1133 1698 subit

110 1724 182 1786 tum
205 1725 311 1805 ripam
333 1745 438 1806 mare,
466 1726 499 1785 et
527 1722 630 1785 donec
653 1721 793 1804 quinque
821 1721 950 1785 milium
974 1743 1132 1806 passuum

113 1811 220 1892 spatio
245 1809 333 1874 absit
352 1833 371 1874 a
388 1809 561 1892 Maeotide,
583 1808 781 1894 refugientia
803 1832 905 1893 usque
929 1809 1153 1893 subsequens.

111 1897 220 1982 litora,
240 1919 337 1982 qnam
353 1896 529 1963 Satarchae
549 1901 582 1961 et
597 1896 727 1962 Taurici
741 1901 854 1963 tenent
866 1919 969 1982 paene
986 1898 1130 1963 insulam

110 1986 224 2052 reddit.
276 1987 361 2070 quod
393 1987 479 2052 inter
505 1985 663 2051 Paludem
695 1990 728 2051 et
761 1987 868 2052 sinum
900 1991 951 2052 est
978 1986 1129 2070 Taphrae
1144 2004 1173 2045 ao

109 2076 330 2159 nominantur,
354 2075 442 2140 sinus
462 2073 652 2140 Carcinites.
697 2074 732 2138 in
756 2097 793 2139 eo
813 2076 890 2139 urbs
915 2079 965 2139 est
983 2073 1130 2159 Carcine,

109 2185 207 2245 quam
239 2163 303 2227 duo
335 2162 470 2227 flumina
502 2160 645 2227 Gerrhos
683 2166 717 2227 et
747 2163 912 2246 Ypacares
944 2185 1009 2229 uno
1043 2164 1129 2229 ostio

109 2249 276 2315 effluentia
295 2249 478 2334 adtingunt,
495 2271 608 2314 verum
628 2249 762 2315 diuersis
781 2252 927 2317 fontibus
947 2255 980 2317 et
997 2252 1129 2318 aliunde

109 2338 245 2422 delapsi.
294 2359 371 2404 nam
400 2336 543 2404 Gerrhos
576 2339 661 2402 inter
691 2337 855 2404 Basilidas
888 2344 921 2404 et
951 2338 1130 2424 Nomadas,

75 2440 91 2489 5
115 2426 270 2509 Ypacares
291 2449 351 2510 per
373 2428 536 2494 Nomados
564 2427 734 2493 evolvitur.
779 2429 881 2493 silvae
908 2428 1023 2494 deinde
1051 2434 1129 2495 sunt
1143 2445 1171 2487 2⁶

108 2536 189 2597 quas
218 2517 378 2581 maximas
405 2516 468 2582 hae
496 2521 604 2581 terrae
631 2515 753 2600 ferunt,
785 2521 818 2582 et
847 2516 1041 2601 Panticapes
1074 2519 1129 2602 qui

107 2600 276 2668 Nomadas
304 2603 515 2690 Georgosque
545 2603 759 2671 disterminat.
808 2609 898 2671 terra
928 2609 1000 2671 tum
1029 2607 1128 2690 longe

109 2690 253 2756 distenta
280 2692 370 2757 tenui
397 2693 504 2758 radice
532 2692 621 2756 litori
655 2693 852 2778 adnectitur,
879 2699 955 2778 post
982 2695 1129 2783 spatiosa

179 2923 203 2971 3.
224 2916 411 2990 arimampsae
430 2917 458 2972 A
472 2917 627 2989 Armaspoe
648 2919 676 2975 J.
694 2919 849 2975 Gronovius
921 2927 945 2976 7.
963 2919 1086 2976 includit
1099 2922 1128 2975 A

105 2986 291 3043 includiturc
345 2989 451 3060 palude
464 2991 493 3044 A
547 2995 571 3045 8.
588 2991 738 3061 sarthagae
752 2991 780 3045 A
795 2990 945 3046 Satarchae
959 3009 980 3047 a
1029 2991 1127 3047 cimer-

105 3057 208 3111 ricaA
263 3065 305 3113 10.
319 3060 437 3115 tauricis
451 3062 479 3115 A
531 3068 571 3117 14.
587 3062 720 3117 cerrhone
734 3063 763 3116 A
778 3060 965 3116 Cherronesus
979 3063 1128 3118 Barbarae

155 3201 160 3212 ι
179 3135 220 3213 ¹.⁶·
236 3127 297 3201 eills
311 3131 340 3184 A
393 3131 525 3188 inlustres
540 3132 580 3187 A¹
595 3132 721 3188 illustres
734 3133 776 3186 A²
848 3139 890 3188 19.
909 3133 985 3202 quod
998 3136 1032 3215 A·
1042 3150 1127 3202 quam

104 3206 319 3341 auant·
336 3202 864 3329 Maturarrrcs.
973 3205 1128 3332 erar.

104 3339 247 3409 Ypacares
260 3360 312 3412 per
324 3343 467 3399 Nomadas
486 3347 590 3415 accepit
606 3345 718 3403 Vossius
789 3350 832 3402 28.
843 3353 907 3416 post
920 3345 1046 3402 distenta
1060 3348 1126 3405 cdd.

103 3413 132 3466 A
152 3411 289 3468 excedens
308 3432 369 3472 cum
388 3416 525 3473 Pintiaao
544 3417 629 3472 delevi
