2512 3824
130 184 174 250 30
291 172 295 179 ‘
458 180 657 255 peonronn
674 181 799 237 unum

128 349 213 414 tium
240 345 400 411 differunt.
445 343 630 411 Essedones
657 345 771 411 funera
797 345 982 428 parentium
1010 345 1091 411 laeti
1115 351 1153 412 et

128 435 272 501 victimis
292 455 334 499 ac
351 433 435 499 festo
455 433 543 499 coitu
560 433 772 498 familiarium
790 434 964 499 celebrant.
1009 455 1152 518 corpora

129 524 202 608 ipsa
219 522 344 589 laniata
361 527 394 586 et
411 523 515 589 caesis
534 543 688 606 pecorum
706 522 884 588 visceribus
902 523 1052 588 immixta
1070 545 1150 607 epu-

130 612 228 678 lando
256 615 460 677 consumunt.
506 611 614 695 capita
641 611 699 676 ubi
725 610 819 676 fabre
841 612 1038 694 expolivere,
1065 632 1149 677 auro

130 701 241 767 vincta
263 722 323 785 pro
345 700 471 784 poculis
494 703 621 785 gerunt.
666 699 746 765 haec
770 703 846 764 sunt
869 699 954 784 apud
977 721 1032 765 eos
1055 699 1149 783 ipsos
1178 717 1194 759 a

78 805 111 854 10
129 790 263 874 pietatis
277 789 396 854 ultima
409 787 526 854 officia.
558 787 741 874 Agathyrsi
760 810 818 854 ora
831 791 984 873 artusque
997 789 1150 873 pingrmt,

130 883 168 944 ut
191 879 310 962 quique
333 877 509 943 maioribus
533 880 716 960 praestant,
743 877 792 941 ita
814 877 923 960 magis
946 880 1003 941 aut
1024 876 1149 942 minusr

131 971 274 1032 aeterum
297 964 400 1030 isdem
424 986 534 1030 omnes
557 966 645 1030 notis
669 970 702 1030 et
725 966 772 1030 sio
798 970 837 1030 ut
859 965 949 1030 ablui
971 970 1149 1050 nequeant.

131 1053 305 1120 Satarchae
329 1053 401 1118 auri
424 1055 615 1138 argentique
639 1055 855 1119 maximarum
873 1054 1016 1137 pestium
1038 1054 1148 1139 ignari

130 1143 200 1208 vice
227 1164 335 1208 rerum
359 1143 553 1208 commercia
577 1146 739 1224 exercent,
768 1146 865 1226 atque
889 1143 931 1207 ob
958 1163 1055 1208 saeva
1076 1141 1146 1206 hie·
1163 1159 1192 1200 ro

130 1231 193 1296 mis
218 1231 392 1296 admodum
415 1230 583 1313 adsiduae,
610 1229 765 1296 demersis
788 1231 822 1294 in
844 1229 980 1294 humum
1005 1230 1148 1314 sedibus,

131 1340 244 1402 specus
269 1321 325 1384 aut
349 1319 487 1384 suffossa
504 1319 666 1403 habitant,
688 1322 796 1385 totum
819 1319 945 1384 bracati
964 1341 1090 1404 eorpus,
1114 1323 1149 1384 et

77 1408 195 1474 anisi
221 1429 285 1492 qua
311 1407 421 1472 vident
447 1407 548 1472 etiam
576 1428 634 1472 ora
661 1408 781 1472 vestiti.
827 1406 926 1472 Tauri
953 1407 1147 1492 Iphigeniae

130 1500 163 1562 et
191 1495 315 1562 Orestis
344 1496 484 1561 adventu
512 1495 652 1561 maxime
680 1496 855 1561 memorati
882 1497 1040 1560 immanes
1069 1500 1147 1560 sunt

129 1586 289 1669 moribus,
316 1585 555 1669 immanemque
579 1584 701 1650 famam
723 1585 847 1649 habent
870 1585 974 1649 solere
997 1606 1057 1667 pro
1080 1585 1146 1650 vie
1161 1599 1190 1642 1⁵

129 1674 219 1738 timis
236 1673 375 1738 advenas
391 1673 534 1740 caedere.
570 1673 724 1738 Basilidis
740 1674 781 1737 ab
795 1671 936 1738 Hercule
951 1676 984 1738 et
996 1672 1147 1739 Echidna

130 1763 258 1846 generis
272 1761 433 1844 principia
452 1767 536 1844 sunt,
555 1782 662 1825 mores
679 1762 772 1844 regii,
790 1782 882 1824 arma
895 1765 1026 1826 tantum
1044 1762 1146 1846 sagit-

129 1855 192 1916 tae.
238 1849 315 1934 vagi
337 1847 501 1914 Nomades
524 1871 677 1933 pecorum
703 1849 826 1933 pabula
854 1855 1020 1934 secuntur,
1048 1854 1146 1934 atque

129 1943 166 2004 ut
193 1937 252 2003 illa
279 1939 397 2003 durant
423 1938 471 2002 ita
497 1938 552 2002 diu
586 1941 706 2002 statam
736 1937 844 2002 sedem
872 1943 982 2024 agunt
1034 1939 1147 2004 colunt

130 2026 252 2113 Georgi
284 2030 497 2111 exercentque
528 2048 635 2110 agros.
684 2027 822 2092 Asiacae
854 2027 957 2091 imeri
990 2027 1068 2111 quid
1101 2028 1146 2092 sit
1161 2042 1188 2084 ω

129 2117 295 2200 ignorant,
322 2116 458 2199 ideoque
481 2137 541 2180 nec
564 2138 623 2181 sua
646 2116 833 2181 custodiunt
855 2137 914 2180 nec
940 2116 1048 2180 aliena
1071 2137 1146 2181 con·

77 2219 110 2270 12
129 2205 272 2288 tingunt.
300 2204 436 2268 interius
446 2203 667 2268 habitantium
680 2204 763 2268 ritus
779 2205 931 2288 asperior,
945 2208 979 2269 et
993 2204 1147 2270 incultior

129 2292 220 2377 regio
245 2295 304 2356 est.
345 2292 433 2356 bella
456 2292 632 2375 caedesque
651 2296 772 2376 amant,
795 2314 930 2376 mosque
948 2296 999 2358 est
1020 2293 1146 2358 bellan-

129 2381 231 2459 tibus,
260 2401 407 2445 cruorem
430 2380 499 2445 eius
524 2403 619 2465 quem
642 2381 782 2464 primum
805 2381 1041 2447 interemerunt
1063 2381 1145 2465 ipsis

130 2491 169 2533 ex
192 2469 381 2534 vulneribus
404 2469 541 2543 ebibere.
587 2472 624 2534 ut
647 2470 781 2554 quisque
807 2470 918 2554 plures
942 2471 1146 2536 interemerit
1159 2484 1186 2528 2⁶

129 2558 177 2621 ita
199 2563 279 2641 aput
302 2579 357 2622 eos
379 2557 520 2623 habetur
543 2558 693 2642 eximius3
716 2563 860 2624 ceterum
885 2563 1049 2643 expertem
1073 2581 1146 2624 esse

130 2644 237 2709 caedis
274 2645 360 2709 inter
396 2647 570 2729 opprobria
605 2647 659 2711 vel
696 2649 880 2712 maximum.
934 2669 977 2713 ne
1012 2647 1145 2712 foedera

130 2732 260 2817 quidem
288 2733 456 2799 incruenta
484 2738 572 2818 sunt3
607 2735 754 2806 sauciant
782 2758 815 2800 re
846 2736 902 2820 qui
928 2736 1144 2820 paciscuntur,

130 2825 378 2906 exemptumque
407 2824 599 2906 sanguinem
631 2823 688 2888 ubi
714 2825 930 2907 permiscuere
961 2825 1143 2909 degustant.

77 2928 109 2978 13
129 2911 162 2976 id
188 2915 307 2995 putant
333 2934 505 2978 mansurae
532 2911 606 2977 fidei
632 2912 752 2996 pignus
781 2913 1006 2978 certissimum.
1056 2913 1144 2977 inter
1158 2929 1185 2970 ³⁰

200 3111 225 3158 2.
240 3103 410 3158 familiarum
424 3105 452 3158 A
465 3103 672 3176 familiariumo
727 3111 750 3158 7.
765 3106 893 3174 praestat
906 3105 933 3157 A
983 3108 1008 3158 9.
1029 3103 1142 3156 sarthae

128 3175 156 3229 A
176 3175 326 3230 Satarchae
345 3177 495 3231 Rauracos
551 3183 591 3231 10.
612 3177 696 3244 atque
714 3176 756 3229 11¹
774 3193 841 3231 corr.
903 3183 944 3230 11.
964 3173 1081 3228 adsidue
1100 3173 1143 3226 A¹

128 3244 240 3300 assidue
262 3244 304 3299 Α*
385 3253 426 3303 16.
449 3246 588 3301 basilidiis
611 3247 639 3302 A
661 3246 834 3302 Basilidiso
912 3254 953 3302 17.
976 3243 1091 3370 regini>
1113 3244 1143 3298 A

129 3317 151 3388 (i
169 3320 201 3374 ia
217 3334 272 3374 rue.
288 3317 359 3387 κί’),
381 3324 436 3374 -18,
451 3334 584 3386 pecorum
602 3317 746 3377 durantA
763 3333 897 3388 pecorum
916 3318 1013 3374 delevit
1053 3317 1143 3372 oasim

147 3461 152 3471 .
181 3395 241 3512 Aah.
266 3404 363 3448 cruore
381 3388 410 3442 A
486 3395 528 3444 26.
552 3389 679 3457 quisquis
702 3389 730 3443 A
757 3389 875 3458 quisque
902 3407 923 3445 a
1000 3394 1042 3444 26.
1072 3387 1143 3456 aput

123 3476 167 3512 stc
