2512 3824
132 201 173 265 10
469 198 791 255 POMPONHMELAE

130 360 329 446 Carthagine
348 361 390 427 ad
412 360 627 427 dirimendum
651 362 839 428 condicione
856 363 978 428 bellum
1001 362 1054 427 diu
1076 362 1143 427 iam

130 451 168 516 de
191 449 309 516 tinibus
333 453 371 553 'et
394 471 467 516 cum
489 451 616 536 magnis
640 451 810 516 amborum
834 450 979 516 cladibus
1004 453 1143 536 gestum,

128 542 316 712 stitit.
330 539 1080 713 tulliit⁰t2⁶tttilsst33tJtJt’
1096 544 1143 692 ll

129 716 236 800 missi,
267 716 315 780 ibi
342 717 475 781 termini
503 719 735 800 statuerentur,
765 717 854 800 pacti
883 716 921 781 de
948 717 1076 801 integro
1107 721 1170 782 uts

130 804 286 889 quidquid
313 804 396 869 citra
423 807 509 869 esset
539 804 753 888 popularibus
786 803 926 890 cederet,
958 804 1077 869 mirum
1110 810 1144 870 et

129 892 287 958 memoria
310 890 539 976 dignissimum
557 891 691 977 facinus,
714 893 766 958 hio
786 914 821 958 se
843 893 935 960 viros
957 893 1051 959 obrui
1073 913 1143 977 per-

130 981 283 1046 tulerunt.

90 1047 109 1112 8
216 1069 296 1134 Inde
319 1069 359 1134 ad
379 1067 621 1136 Catabathmon
643 1067 822 1154 Cyrenaica
839 1069 1009 1152 provincia
1028 1073 1086 1152 est,
1108 1070 1144 1134 in

75 1125 109 1174 39
130 1178 231 1241 eaque
253 1161 330 1222 sunt
347 1156 540 1224 Hammonis
559 1159 726 1224 oraculum
744 1156 821 1222 fidei
843 1157 994 1242 inclutae,
1016 1161 1050 1223 et
1068 1157 1142 1224 fons
1159 1178 1184 1225 rc

129 1265 225 1328 quem
244 1242 329 1310 Solia
353 1245 529 1330 adpellant,
552 1250 585 1311 et
607 1268 704 1331 rupes
727 1245 884 1331 quaedam
907 1250 1017 1312 austro
1042 1267 1143 1312 sacra.

128 1333 209 1397 haec
241 1353 314 1397 cum
340 1333 510 1399 hominum
539 1356 639 1400 manu
671 1334 844 1420 attingitur
874 1335 931 1399 ille
962 1335 1143 1401 inmodicus

130 1420 259 1506 exurgit
284 1421 488 1507 harenaeque
516 1423 610 1507 quasi
637 1423 742 1488 maria
769 1443 869 1508 agens
898 1423 945 1488 sio
973 1424 1078 1490 saevit
1106 1427 1144 1488 ut

129 1509 292 1576 fiuctibus.
336 1510 411 1577 fons
439 1512 545 1578 media
566 1515 661 1578 nocte
684 1511 800 1596 ferret,
827 1532 904 1577 mox
929 1515 963 1578 et
984 1512 1144 1597 paulatim

128 1602 298 1683 tepescens
330 1600 369 1664 fit
399 1601 470 1666 luce
499 1599 657 1686 frigidus,
692 1604 771 1666 tunc
802 1603 839 1665 ut
875 1600 925 1665 sol
957 1601 1064 1685 surgit
1095 1600 1144 1664 ita
1158 1621 1184 1663 ιε

130 1687 266 1753 subinde
293 1687 444 1773 frigidior
470 1711 529 1770 per
555 1689 724 1754 meridiem
751 1687 894 1751 maxime
918 1687 1016 1769 riget,
1044 1686 1144 1750 sumit

129 1775 204 1838 dein
229 1778 377 1859 teporem
404 1775 536 1859 iterum,
564 1779 598 1840 et
624 1775 731 1859 prima
757 1777 852 1838 nocte
880 1772 1019 1858 calidus,
1046 1776 1143 1857 atque

129 1865 167 1926 ut
198 1861 258 1926 illa
288 1861 435 1945 procedit
466 1862 515 1927 ita
546 1862 682 1929 calidior
713 1882 825 1927 rursus
853 1883 927 1928 oum
959 1866 1010 1928 est
1037 1862 1144 1927 media

75 1965 111 2014 40
129 1949 299 2035 perferret.
349 1951 384 2016 in
411 1951 508 2017 litore
536 1951 763 2036 promunturia
790 1955 866 2016 sunt
894 1949 1081 2035 Zephyrion
1111 1955 1144 2016 et

128 2039 374 2125 Naustathmos,
387 2043 501 2125 portus
515 2040 739 2124 Paraetonius,
752 2040 850 2106 urbes
858 2039 1028 2125 Hesperia,
1042 2039 1143 2124 Apol·
1157 2063 1183 2103 so

128 2129 228 2207 lenia,
250 2129 436 2207 Ptolemais,
458 2130 598 2194 Arsinoe
616 2132 714 2212 atque
736 2128 821 2193 unde
839 2129 936 2194 terris
953 2149 1072 2194 nomen
1095 2132 1145 2194 est

128 2217 201 2300 ipsa
220 2214 355 2300 Cyrene.
389 2214 625 2283 Catabathmus
643 2216 741 2280 vallis
760 2215 883 2280 devexa
900 2216 935 2280 in
953 2215 1144 2300 Aegyptum

76 2318 110 2368 41
129 2304 202 2368 finit
220 2303 376 2370 Africam.
409 2326 484 2370 orae
504 2305 550 2370 sic
568 2303 759 2370 habitantur
777 2304 818 2367 ad
836 2306 985 2368 nostrum
1003 2304 1143 2369 maxime

128 2393 229 2459 ritum
256 2393 392 2459 moratis
420 2393 613 2477 cultoribus,
643 2393 707 2458 nisi
739 2391 824 2478 quod
857 2391 989 2477 quidam
1020 2392 1142 2478 linguis

130 2481 284 2547 differunt
307 2485 340 2547 et
359 2482 448 2548 cultu
471 2481 567 2547 deum
584 2503 665 2567 quos
683 2481 810 2566 patrios
830 2484 962 2546 servant
979 2502 1016 2547 ac
1035 2482 1143 2565 patrio
1158 2501 1183 2543 ss

129 2591 220 2635 more
237 2573 445 2636 venerantur.
476 2570 634 2654 proximis
653 2570 764 2635 nullae
779 2569 910 2655 quidem
928 2569 1025 2636 urbes
1045 2574 1143 2654 stant,

129 2660 240 2720 tamen
257 2657 422 2722 domicilia
440 2659 516 2722 sunt
535 2679 618 2742 quae
632 2659 773 2742 mapalia
792 2659 1006 2742 appellantur.
1038 2659 1142 2722 victus

130 2765 225 2828 asper
252 2748 286 2809 et
312 2745 480 2810 munditiis
508 2766 630 2810 carens.
680 2745 839 2828 primores
868 2745 956 2830 sagis
984 2745 1140 2824 velantur,

129 2833 246 2918 vulgus
274 2832 453 2898 bestiarum
480 2833 704 2918 pecudumque
730 2832 880 2917 pellibus.
930 2832 1021 2896 humi
1051 2833 1142 2917 quies

130 2922 307 3006 epulaeque
339 2921 519 3006 capiuntur.
572 2943 652 2987 vasa
683 2921 774 3006 ligno
811 2920 894 2985 fiunt
926 2923 983 2986 aut
1015 2922 1144 2988 cortice.
1157 2942 1184 2982 so

199 3118 225 3168 4.
249 3115 447 3169 concurrerant
469 3113 496 3167 A
516 3113 712 3169 concurrerent
733 3129 753 3168 a
826 3118 851 3166 9.
875 3111 1095 3167 cathobathmon
1116 3113 1144 3167 A

184 3183 372 3252 cyrenaicaA
428 3190 470 3239 10.
489 3183 613 3268 inclytae
627 3184 655 3238 A
711 3189 752 3240 11.
772 3181 920 3254 adpellant
937 3182 979 3237 A¹
998 3183 1146 3254 appellant

129 3253 172 3308 A*
244 3261 285 3310 12.
308 3252 464 3309 inmodicus
483 3254 525 3309 A¹
548 3253 715 3308 immodicus
737 3253 778 3310 A¹
851 3259 893 3310 18.
917 3252 1024 3309 caldior
1046 3252 1074 3308 A

131 3330 173 3380 19.
192 3323 385 3395 promunturia
402 3323 443 3380 A¹
462 3340 530 3381 corr.
585 3330 628 3380 20.
647 3323 809 3396 paretonius
828 3326 856 3381 A
915 3330 958 3379 21.
976 3318 1144 3394 ptolemaeis

130 3395 171 3450 A¹
188 3394 339 3465 ptolemais
357 3395 400 3450 A*
453 3401 496 3451 22.
516 3395 691 3451 catabatmos
709 3396 751 3451 A¹
775 3394 968 3452 catabathmos
986 3393 1030 3448 A*
1099 3396 1143 3449 2‘1.

120 3465 271 3530 mappalia
281 3466 327 3519 A¹
337 3465 463 3536 mapalia
476 3465 519 3522 A²
