2512 3824
133 176 177 240 42
479 172 659 230 POMPONII
676 171 801 228 MELAE

132 337 294 420 Bononia,
321 335 544 402 Romanorum
567 335 728 418 coloniae,
754 334 796 399 ad
823 334 968 400 dextram
992 332 1106 419 Capua
1130 359 1153 404 a

134 425 258 509 Tuscis,
282 429 315 490 et
336 425 442 490 Roma
465 423 628 508 quondam
647 445 667 488 a
689 423 878 507 pastoribus
902 424 1040 508 condita,
1062 447 1152 492 nunc

80 533 112 583 61
134 515 162 579 si
197 535 257 598 pro
294 515 432 578 materia
465 513 593 578 dicatur
629 512 768 576 alterum
800 533 891 596 opus.
945 516 979 578 at
1014 513 1049 577 in
1083 514 1152 580 oris

131 604 281 687 proxima
298 606 350 668 est
372 625 392 667 a
410 602 565 687 Tergeste
584 598 773 666 Concordia.
818 601 977 666 interfluit
996 600 1151 668 Timavus

131 713 248 756 novem
277 691 439 775 capitibus
468 710 656 775 exsurgens,
685 711 751 754 uno
780 689 865 754 ostio
893 690 1046 776 emissus3
1073 691 1178 757 deins

130 779 248 846 Natiso
276 801 344 844 non
370 780 468 864 longe
496 801 516 842 a
543 779 628 843 mari
654 778 755 842 ditem
782 776 925 862 adtingit
952 777 1151 862 Aquileiam.

79 888 112 936 62
132 871 220 934 ultra
239 872 289 933 est
302 867 463 932 Altinum.
495 868 662 951 superiora
679 867 744 931 late
764 870 901 950 occupat
918 867 1017 932 litora
1030 864 1151 935 Padus.

131 979 271 1042 namque
289 957 331 1021 ab
349 956 424 1020 imis
443 955 605 1021 radicibus
619 955 734 1021 Vesuli
752 955 874 1020 montis
893 959 1023 1020 exortus
1037 952 1150 1039 pariis

131 1068 165 1110 se
188 1045 331 1130 primum
354 1067 371 1109 e
389 1044 537 1110 fontibus
556 1043 693 1129 colligit,
716 1047 748 1108 et
768 1044 973 1127 aliquatenus
993 1044 1085 1108 exilis
1110 1066 1149 1110 ac

130 1155 248 1218 macer,
271 1155 347 1199 mox
371 1134 444 1198 aliis
469 1133 620 1199 amnibus
644 1132 725 1198 adeo
749 1133 896 1216 augescit
916 1135 1014 1216 atqua
1038 1133 1148 1218 alitur,
1162 1152 1189 1193 ro

131 1225 168 1286 ut
186 1242 220 1285 se
239 1243 298 1305 per
316 1225 442 1305 septem
461 1222 502 1286 ad
520 1225 722 1305 postremum
741 1221 827 1286 ostia
847 1219 1000 1285 effundat.
1045 1242 1149 1287 unum

78 1329 112 1378 63
132 1310 171 1374 de
190 1309 238 1374 eis
257 1329 411 1393 magnum
429 1308 555 1374 Padum
575 1310 748 1394 adpellant.
788 1309 864 1374 inde
882 1313 951 1373 tam
971 1310 1054 1375 citus
1073 1332 1147 1394 pro-

131 1398 212 1480 silit,
240 1401 277 1462 ut
300 1398 454 1463 discussis
478 1398 631 1478 fluctibus
654 1398 709 1463 diu
732 1398 860 1482 qualem
888 1397 999 1463 emisit
1026 1399 1148 1464 undam

131 1490 221 1573 agat,
252 1507 409 1571 suumque
437 1487 537 1552 etiam
563 1487 599 1551 in
627 1487 711 1552 mari
740 1488 867 1551 alveum
895 1489 1014 1571 servet,
1046 1487 1148 1553 donec

130 1599 203 1640 eum
222 1597 261 1640 ex
280 1576 415 1642 adverso
434 1576 530 1641 litore
544 1575 690 1640 Histriae
709 1575 822 1640 eodem
840 1575 963 1659 impetu
980 1576 1147 1659 profluens
1161 1593 1188 1634 1⁶

129 1663 243 1730 Hister
271 1665 376 1729 amnis
404 1665 552 1749 excipiat
597 1663 659 1729 hac
687 1685 803 1747 repar
830 1685 869 1728 ea
892 1665 965 1729 loca
988 1664 1146 1749 navigan-

129 1754 227 1835 tibus,
252 1774 316 1835 qua
338 1753 500 1836 utrimque
523 1764 634 1818 amnes
658 1756 745 1836 eunt,
771 1753 856 1817 inter
877 1753 1021 1836 marinas
1045 1775 1146 1838 aquas

76 1857 111 1909 34
130 1841 273 1904 dulcium
296 1840 432 1904 haustus
461 1844 520 1905 est.
566 1863 586 1905 a
607 1839 697 1904 Pado
726 1839 768 1904 ad
790 1839 961 1905 Anconam
987 1842 1147 1907 transitur

129 1928 293 2012 Ravenna,
316 1928 509 2014 Ariminum,
531 1927 712 2013 Pisaurum,
734 1927 901 1994 Fanestris
924 1929 1066 2014 colonia,
1088 1930 1147 1996 flu·

129 2039 204 2082 men
222 2017 389 2083 Metaurus
408 2022 506 2102 atquc
525 2017 630 2083 Aesis.
671 2022 703 2082 et
720 2017 780 2082 illa
797 2017 833 2082 in
852 2020 993 2105 angusto
1011 2019 1146 2084 illorum
1160 2035 1188 2077 eo

129 2106 266 2172 duorum
289 2107 590 2190 promunturiur-um
613 2128 653 2170 ex
675 2107 802 2170 diverso
826 2107 1011 2171 co‘e'untium
1034 2107 1147 2172 inflexi

129 2195 231 2259 cubiti
253 2196 396 2278 imagine
419 2194 548 2278 sedans,
578 2198 612 2259 et
633 2195 706 2259 ideo
729 2216 750 2258 a
773 2193 867 2259 Grais
891 2194 978 2262 dicta
1000 2193 1147 2279 Ancona,

52 2293 54 2296 ’
128 2283 217 2347 inter
235 2281 379 2348 Gallicas
397 2281 594 2366 Italicasquc
618 2286 733 2366 gentes
753 2283 847 2366 quasi
865 2283 1023 2348 terminus
1046 2282 1147 2347 inter·

76 2385 109 2439 65
130 2375 190 2437 est.
239 2370 320 2436 haec
348 2370 435 2434 enirn
462 2391 670 2456 praegressos
698 2369 811 2436 Piceni
842 2371 941 2436 litora
968 2370 1146 2454 excipiunt:

127 2461 163 2524 in
196 2460 312 2544 quibus
338 2458 504 2543 Numana,
530 2459 697 2542 Potentia,
730 2456 869 2543 Cluana,
897 2458 1005 2544 Cupra
1037 2459 1145 2544 urbes,
1159 2475 1187 2518 2⁶

129 2549 262 2613 castella
294 2551 403 2612 autam
430 2546 588 2632 Firmum,
619 2547 757 2631 Hadria,
788 2547 1017 2632 Truentinum,
1048 2549 1083 2613 id
1112 2553 1146 2613 et

128 2635 228 2700 fluvio
252 2637 308 2719 qui
325 2637 482 2719 praeterit
504 2657 624 2701 nomen
642 2640 701 2701 est.
748 2637 789 2701 ab
813 2659 851 2702 eo
869 2636 1026 2701 Frentani
1049 2637 1146 2702 mari·

127 2723 210 2788 tima
235 2722 372 2807 habent,
400 2723 518 2788 Aterni
544 2725 687 2789 fluminis
714 2724 814 2809 ostia,
841 2725 938 2790 urbes
961 2723 1085 2790 Bucam
1111 2730 1146 2792 et

201 2887 225 2936 1.
244 2878 331 2934 bonia
345 2831 376 2932 'A
390 2878 518 2934 Bononia
535 2896 556 2935 a
627 2886 653 2936 2.
673 2880 814 2949 quondam
831 2879 992 2962 pastoribus
1011 2881 1039 2936 A
1058 2897 1145 2951 quon-

129 2951 230 3006 dama
247 2949 439 3020 pastoribuso
511 2956 536 3006 3
557 2949 624 3004 oriis
638 2950 666 3005 A
738 2951 856 3034 6.atiso
870 2951 898 3005 A
912 2951 1043 3007 Natisoo
1097 2951 1145 3006 ad·

126 3022 199 3091 tingi
190 3021 271 3075 tA¹
289 3021 394 3091 attingi
385 3020 465 3074 tA¹
521 3028 577 3077 aa
579 3040 597 3076 ιι
618 3021 691 3076 erita
708 3022 737 3076 A
755 3022 900 3093 superiora
916 3039 937 3078 a
990 3028 1017 3079 8.
1035 3023 1146 3078 vesuvii

125 3093 154 3147 A
168 3040 264 3147 vesuli
277 3109 298 3146 a
360 3098 402 3147 12
421 3092 477 3162 adp
478 3038 626 3147 enardi
645 3110 681 3162 ap
682 3092 792 3162 pellant
809 3093 850 3148 A¹
906 3100 948 3149 19.
966 3092 1099 3148 fenestris
1117 3093 1146 3147 A

125 3161 267 3218 Fanestris
286 3179 307 3217 a
378 3169 421 3218 23
440 3111 563 3217 hirmana
580 3163 608 3217 A
626 3111 757 3218 Nuriana
780 3163 927 3220 Vedianas
985 3164 1099 3233 clyerua
1117 3165 1145 3218 A

126 3234 233 3289 Cluana
252 3232 396 3289 Olacmuc
450 3251 545 3316 cypra
554 3235 582 3288 A
602 3234 694 3304 Gupra
711 3235 859 3291 Barbarae
913 3242 956 3291 23.
974 3234 1084 3289 firmum
1103 3234 1145 3288 A²

125 3304 246 3358 firmium
269 3303 309 3358 A¹
382 3303 412 3357 id
436 3303 463 3360 ei
485 3304 514 3358 A
536 3302 567 3357 id
590 3305 620 3359 et
648 3305 760 3360 Vocatus
831 3312 875 3362 2⁷.
899 3305 1005 3360 frentra
1028 3305 1099 3359 villa
1116 3305 1145 3360 A

125 3375 258 3500 {swani
272 3376 398 3431 Bursian
453 3380 495 3430 28.
515 3373 623 3430 aeterni
641 3375 669 3429 A
687 3375 816 3434 Aternia
870 3379 975 3434 bueara
992 3376 1021 3430 A
1038 3375 1146 3431 Bucam

153 3464 164 3498 ι
210 3462 243 3500 ιιι
