2512 3824
58 174 60 181 ’
125 181 168 246 48
476 178 657 236 ΡΟΜΡΟΝΠ
674 178 800 236 MELAE

76 363 110 412 90
129 343 267 410 subinde
285 345 494 427 consurgunt,
513 339 624 407 Scalas
642 343 838 409 Hannibalis
858 341 1033 428 adpellant.
1069 341 1147 407 inde

128 433 168 499 ad
187 431 403 496 Tarraconem
425 453 526 514 parva
550 435 628 496 sunt
651 433 770 515 oppida
794 432 928 516 Blande,
950 429 1048 515 Iluro,
1065 429 1148 496 Bae-

126 522 210 605 tulo,
233 519 389 604 Barcino,
412 517 532 604 Subur,
560 519 693 603 Tolobi,
720 542 822 606 parva
850 520 984 584 flumina
1006 519 1146 584 Baetulo

126 611 219 675 iuxta
240 608 329 674 Iovis
352 611 511 688 montem,
533 607 747 674 Rubricatum
770 609 805 673 in
825 608 1017 674 Barcinonis
1039 608 1147 692 litore,

127 700 214 764 inter
246 695 354 762 Subur
390 699 424 761 et
454 696 598 762 Tolobin
634 696 749 762 Maius.
803 698 944 763 Tarraco
981 696 1060 762 urbs
1095 700 1173 762 ests

127 788 163 854 in
192 787 243 851 his
272 785 338 851 oris
367 784 605 850 maritimarum
629 786 883 870 opulentissima
933 784 1042 849 Tulcis
1073 805 1147 849 eam

127 876 273 941 modicus
304 873 424 958 amnis,
451 895 550 956 super
577 873 694 959 ingens
720 874 862 940 Hiberus
890 873 1064 938 Dertosam
1092 874 1147 939 ad·

75 982 108 1031 91
128 964 237 1050 tingit
282 961 356 1027 inde
376 983 411 1027 se
433 961 469 1026 in
490 965 594 1028 terras
617 964 753 1048 pelagus
772 962 924 1040 insinuat
949 965 982 1026 et
1004 962 1145 1045 primum

129 1073 249 1138 magno
272 1050 398 1134 impetu
421 1050 598 1116 admissum
620 1073 697 1116 mox
719 1053 753 1115 in
775 1052 855 1116 duos
879 1050 969 1115 sinus
992 1071 1145 1134 promun-

79 1159 112 1207 92
130 1141 216 1206 turio
232 1139 318 1224 quod
331 1139 514 1205 Ferrariam
527 1144 646 1206 vocant
658 1139 802 1205 finditur.
829 1140 920 1223 prior
932 1137 1145 1205 Sucronensis
1160 1155 1185 1197 ¹⁰

131 1229 260 1312 dicitur,
277 1228 443 1311 maiorque
463 1251 501 1294 ac
518 1249 639 1314 magno
654 1230 735 1294 satis
752 1250 809 1295 ore
821 1229 960 1313 pelagus
975 1228 1146 1312 accipiens,

132 1322 165 1382 et
185 1337 248 1401 quo
267 1316 374 1399 magis
393 1321 581 1400 penetratur
600 1319 779 1403 angustior,
801 1315 942 1383 Sorobin
961 1320 995 1381 et
1013 1316 1146 1382 'l'uriam

133 1409 167 1471 et
188 1403 366 1470 Sucronem
388 1426 454 1470 non
476 1425 598 1490 magna
625 1407 746 1490 excipit
772 1407 919 1489 flumina,
946 1404 1044 1470 urbes
1072 1427 1145 1472 con·

130 1495 246 1578 plexae
270 1498 304 1558 et
327 1493 407 1559 alias
433 1493 577 1578 quidem,
600 1495 656 1559 sed
677 1495 867 1560 notissimas
889 1492 1091 1574 Valentiam,
1114 1498 1147 1560 et

78 1600 112 1650 93
133 1582 315 1668 Saguntum
332 1582 426 1647 illam
439 1583 503 1648 fide
523 1587 619 1668 atque
634 1585 797 1649 aerumnis
809 1583 975 1648 inclutam.
1008 1597 1186 1667 sequens1⁵

128 1671 297 1737 Ilicitanus
330 1670 483 1736 Allonem
515 1672 616 1737 habet
648 1676 681 1737 et
709 1672 901 1737 Lucentiam
934 1675 967 1736 et
997 1671 1081 1735 unde
1115 1673 1146 1736 ei

129 1782 249 1826 nomen
281 1762 332 1823 est
358 1758 480 1825 Ilicem.
530 1760 583 1826 hic
611 1761 678 1825 iam
705 1765 812 1826 terrae
843 1760 951 1844 magis
976 1759 1012 1824 in
1040 1759 1145 1823 altum

131 1850 225 1933 eunt,
261 1847 477 1932 latioremque
510 1869 609 1932 quam
645 1849 752 1914 fuerat
782 1847 977 1934 Hispaniam
1011 1846 1144 1912 faciunt.

77 1954 243 2003 severum
270 1937 313 2000 ab
338 1935 498 2022 hisquae
527 1937 715 2003 dictasunt
741 1937 782 2002 ad
808 1937 970 2022 principia
991 1935 1146 2002 Baeticae

130 2028 259 2110 praeter
281 2022 513 2112 Carthaginem
540 2048 638 2112 quam
667 2026 732 2091 dux
753 2026 936 2092 Poenorum
958 2024 1187 2091 Hasdrubale

131 2114 277 2180 condidit
299 2113 385 2178 nihil
407 2114 614 2180 referendum
631 2119 691 2180 est.
736 2115 771 2179 in
789 2115 878 2180 illius
902 2114 968 2179 oris
986 2113 1147 2200 ignobilia

132 2205 209 2267 sunt
236 2201 357 2285 oppida
384 2206 417 2266 et
444 2224 582 2287 quorum
613 2204 736 2268 mentio
770 2206 899 2268 tantum
927 2203 968 2268 ad
1000 2203 1147 2269 ordinem

130 2290 286 2375 pertinet,
308 2287 389 2354 Urci
410 2290 446 2356 in
469 2292 542 2357 sinu
564 2313 660 2376 quem
681 2290 872 2356 Urcitanum
894 2295 1028 2377 vocant,
1056 2297 1147 2358 extra

130 2378 274 2464 Abdera,
308 2375 398 2464 Suel,
427 2378 492 2466 Ex,
523 2379 697 2466 Maenoba,
729 2380 872 2465 Malaca,
904 2379 1062 2465 Salduba,
1088 2379 1147 2446 La·

78 2484 112 2534 95
132 2469 241 2552 cippo,
271 2465 460 2534 Barbesula
506 2469 544 2534 fit
567 2469 682 2534 deinde
706 2469 975 2554 angustissimum
1002 2470 1148 2554 pelagus,
1160 2483 1187 2524 ¹⁵

132 2559 165 2620 et
195 2557 344 2640 proxima
375 2558 462 2623 inter
493 2579 528 2622 se
559 2558 712 2644 Europae
749 2562 846 2642 atque
878 2556 1010 2622 Africae
1048 2557 1148 2622 litora

131 2649 257 2709 montes
280 2643 435 2730 efficiunt,
456 2649 495 2710 at
512 2646 608 2712 initio
631 2647 770 2712 diximus
790 2645 966 2712 Columnae
985 2643 1148 2728 Herculis,

132 2731 233 2797 Abila
254 2734 287 2797 et
306 2729 433 2818 Calpes,
456 2738 592 2818 uterque
615 2735 745 2820 quidem
768 2735 824 2800 sed
843 2731 960 2819 Calpes
984 2733 1087 2818 magis
1112 2737 1147 2797 et

131 2885 344 2896 ——.-——---

204 2968 228 3015 1.
247 2959 395 3031 adpellant
413 2961 455 3015 A¹
469 2960 617 3033 appellant
630 2960 670 3017 A’
743 2969 766 3019 2.
787 2962 848 3017 luro
863 2963 890 3018 A
904 2959 1146 3016 lluro'Pc'atiuaas

202 3039 228 3088 4.
247 3031 411 3102 barginonis
425 3031 453 3086 A
525 3038 550 3088 7.
570 3031 718 3105 delsorsum
737 3035 802 3104 (fait
820 3035 851 3104 u)
870 3035 898 3088 A
912 3032 1061 3088 Dertosam
1078 3029 1146 3086 Tar·

131 3103 216 3158 mbas
288 3110 311 3158 ἵ.
331 3108 356 3158 8.
379 3103 506 3173 adtingit
526 3104 568 3159 A¹
589 3104 663 3161 attin
685 3104 708 3159 ‘t
729 3105 769 3159 A·
843 3111 867 3160 9.
889 3110 931 3162 lo.
953 3101 1147 3174 promuntorio

131 3173 173 3228 A¹
196 3189 264 3229 corr.
342 3180 385 3229 10.
409 3175 589 3244 supronensis
616 3177 644 3231 A
687 3174 847 3230 coronensis
875 3174 1022 3232 Bataua
1104 3179 1145 3230 15.

131 3243 268 3313 inclytam
281 3244 309 3298 A
350 3250 393 3300 29.
406 3245 470 3314 urgi
485 3247 511 3299 A
524 3245 592 3300 Urci
608 3247 756 3302 Tascbucta
796 3246 929 3301 sinumA
974 3245 1148 3316 uirgitanum

131 3317 159 3370 A
173 3315 338 3370 Urcitanum
355 3315 505 3373 Tasciacke
558 3324 601 3374 24.
616 3318 715 3372 aderas
729 3317 810 3372 velex
824 3318 851 3372 A
865 3317 988 3385 Abdera,
1003 3315 1077 3383 Suel,
1096 3316 1147 3384 Ex,

133 3385 296 3444 Oiaccoaius
348 3393 392 3443 94.
402 3393 445 3443 ab.
460 3387 501 3442 eis
515 3387 630 3443 aldubal
644 3387 766 3458 accipito
776 3389 804 3443 A
813 3388 865 3459 (eis
879 3389 944 3445 add.
953 3387 1004 3454 A¹)
1015 3386 1147 3455 Salduba,

131 3456 258 3526 Lacippo
268 3458 413 3515 Barbarus
458 3458 911 3530 25.barbesulapitABarbesula.
940 3458 1148 3536 fitCr'accoaiae
