2512 3824
126 183 169 248 60
471 156 795 238 consensuum

127 344 261 428 effluxit,
283 344 436 409 videlicet
458 347 495 409 ut
512 344 621 409 forent
640 344 680 409 ad
702 344 791 409 bella
808 343 969 426 meliores,
992 345 1142 408 aeternas

127 455 196 498 esse
221 433 345 498 animam
363 433 529 517 vitamque
554 433 690 498 alteram
712 433 893 498 admones.
937 432 1049 515 itaque
1067 452 1142 495 cum

125 521 262 586 mortuis
290 524 436 586 cremant
463 542 500 586 ac
522 521 690 586 defodiunt
718 524 795 604 apta
823 519 1016 584 viventibus.
1061 518 1143 583 olim

125 609 333 694 negotiorum
355 609 441 674 ratio
464 610 563 674 etiam
586 613 619 674 et
642 610 769 674 exactio
794 608 910 673 crediti
938 607 1145 672 deferebatur

127 697 168 762 ad
196 697 331 780 inferos,
363 700 517 782 erantque
545 698 601 781 qui
628 719 663 762 se
690 698 725 761 in
756 717 854 782 rogos
888 717 1021 760 suorum
1053 695 1174 760 velate

75 803 109 852 2ο
128 808 193 851 una
211 786 330 850 victuri
352 785 493 850 libenter
511 786 725 851 inmitterent
769 785 861 869 regio
881 806 979 869 quam
996 783 1146 848 incolunt

128 874 235 939 omnis
255 872 393 940 Comata
412 872 528 938 Gallia.
568 873 763 958 populorum
780 874 847 938 tria
865 894 992 937 summa
1010 872 1146 936 nomina

128 965 218 1044 sunt,
250 962 533 1047 terminanturque
568 962 675 1026 fluviis
707 961 904 1045 ingentibus.
953 980 1094 1043 namque
1126 981 1146 1024 a

127 1050 297 1133 Pyrenaeo
321 1049 362 1114 ad
381 1048 569 1115 Garunnam
588 1049 754 1134 Aquitani,
777 1050 818 1114 ab
840 1071 878 1114 ec
902 1048 942 1114 ad
961 1047 1145 1132 Sequanam

129 1136 253 1221 Celtae,
285 1137 361 1202 inde
390 1137 431 1202 ad
456 1138 607 1203 Rlienum
639 1138 804 1222 pertinent
830 1135 960 1221 Belgae.
1010 1135 1188 1220 Aquita-1⁰

128 1247 245 1290 norum
273 1226 448 1290 clarissimi
476 1231 551 1291 sunt
577 1224 691 1308 Ausci,
719 1223 885 1291 Celtarum
907 1224 1048 1308 Haedui,
1071 1223 1146 1288 Bel·

129 1334 245 1398 garum
274 1312 422 1396 Treveri,
449 1315 609 1398 urbesque
637 1314 904 1397 opulentissimae
931 1313 968 1377 in
995 1311 1147 1376 Treveris

128 1402 290 1487 Augusta,
312 1402 348 1466 in
364 1400 509 1467 Haeduis
527 1402 812 1487 Augustodunum,
834 1403 868 1466 in
886 1400 1003 1466 Auscis
1022 1400 1147 1466 Elium·

74 1506 108 1555 21
129 1491 269 1555 barrum.
316 1489 470 1555 Garunna
498 1512 536 1555 ex
558 1490 726 1574 Pyrenaeo
753 1493 864 1555 monte
887 1489 1054 1573 delapsus,
1081 1487 1147 1552 nisi

130 1600 203 1644 cum
225 1577 364 1644 hiberno
392 1579 496 1643 imbre
521 1581 578 1643 aut
601 1579 717 1644 solutis
739 1579 868 1643 nivibus
896 1577 1064 1660 intumuit,
1091 1576 1147 1641 diu
1160 1594 1188 1636 ιι

128 1667 269 1732 vadosus
289 1670 322 1731 et
338 1667 392 1731 vix
410 1667 607 1752 navigabilis
626 1667 739 1733 fertur.
775 1671 810 1732 at
827 1666 883 1731 ubi
902 1666 1017 1731 obvius
1033 1665 1148 1730 oceani

130 1755 348 1819 exaestuantis
376 1756 560 1819 accessibus
588 1755 744 1820 adauctus
773 1758 836 1838 est,
864 1754 1032 1839 isdemque
1059 1756 1147 1818 retro

129 1842 351 1907 remeantibus
371 1863 446 1906 suas
465 1843 621 1927 illiusque
640 1865 740 1927 aquas
759 1843 838 1927 agit,
857 1842 1060 1927 aliquantum
1078 1842 1147 1925 ple·

128 1930 216 2014 nior,
244 1933 277 1995 et
300 1934 422 2014 quanto
445 1931 551 2015 magis
574 1931 721 2015 procedit
748 1953 786 1996 eo
815 1931 916 1996 latior
941 1931 993 2015 fit,
1021 1930 1063 1995 ad
1089 1951 1147 2013 po-

130 2023 288 2084 stremum
301 2019 414 2103 magni
427 2019 504 2085 freti
514 2019 645 2104 similis3
659 2041 720 2084 nec
733 2020 858 2084 maiora
870 2022 999 2084 tantum
1012 2018 1148 2103 navigia
1160 2036 1190 2077 ao

129 2107 263 2191 tolerat,
285 2129 400 2172 verum
421 2129 513 2173 more
536 2109 635 2172 etiam
657 2109 767 2192 pelagi
789 2107 963 2172 saevientis
987 2126 1147 2190 exurgens

130 2195 234 2259 iactat
254 2195 450 2278 navigantes
473 2196 642 2279 atrociter,
664 2197 776 2280 utique
800 2197 829 2261 si
851 2195 917 2260 alio
939 2199 1056 2260 ventus
1080 2194 1147 2260 alio

77 2298 111 2348 22
130 2281 217 2347 unda
230 2283 436 2366 praecipitat.
467 2283 502 2347 in
521 2304 559 2348 eo
574 2287 625 2348 est
642 2284 751 2349 insula
763 2283 886 2349 Antros
904 2284 1036 2351 nomino
1050 2304 1148 2367 quam

129 2370 270 2455 pendere
302 2375 336 2436 et
363 2370 480 2437 adtolli
508 2372 601 2456 aquis
633 2371 889 2438 increscentibus
920 2371 993 2438 ideo
1020 2371 1147 2437 incolae

130 2459 332 2544 existimant,
360 2460 436 2544 quia
458 2482 532 2525 cum
554 2460 725 2526 videantur
752 2460 890 2525 editiora
917 2460 987 2544 quis
1011 2459 1189 2543 obiacetrs

130 2547 187 2611 ubi
211 2569 245 2612 se
268 2549 385 2614 fluctus
409 2542 561 2633 implevit
580 2549 639 2614 illa
662 2549 777 2634 operit,
799 2549 880 2614 haec
902 2553 940 2613 ut
961 2548 1052 2632 prius
1075 2551 1148 2613 tan·

130 2639 200 2698 tum
224 2637 380 2721 ambitur,
408 2640 441 2703 ct
463 2637 549 2722 quod
572 2659 610 2701 ea
633 2637 750 2722 quibus
773 2642 848 2702 ante
871 2636 961 2720 ripae
985 2635 1149 2720 collesque

130 2744 172 2787 ne
191 2727 398 2788 sumerentur
416 2725 621 2808 obstiterant,
639 2729 717 2790 tunc
729 2725 819 2789 velut
836 2747 876 2789 ex
889 2725 962 2790 loco
981 2724 1148 2808 superiore

77 2828 111 2878 23
131 2811 301 2896 perspicua
324 2816 409 2876 sunt.
455 2813 496 2877 ab
516 2811 689 2877 Garunnae
713 2813 802 2877 exitu
820 2813 908 2878 latus
931 2813 1013 2878 illud
1030 2812 1149 2896 incipit

202 3046 226 3094 6.
246 3038 423 3094 inmitterent
445 3039 487 3093 A²
509 3037 695 3093 immitterent
717 3037 758 3093 A*
831 3044 855 3093 9.
880 3037 1026 3107 aquitania
1048 3039 1077 3092 A

131 3116 172 3164 13.
188 3112 326 3178 augausta
342 3110 385 3163 A¹
398 3111 519 3192 augusta
532 3108 573 3164 A’
627 3109 855 3179 augustodunum
868 3110 896 3163 A
952 3116 993 3164 14.
1008 3123 1150 3187 garrpnna

128 3181 169 3235 A¹
184 3195 311 3249 garunna
328 3178 369 3234 A¹
424 3179 550 3234 dilabens
564 3181 604 3234 A¹
618 3196 687 3236 corr.
702 3179 835 3250 delapsus
853 3197 870 3236 o
926 3186 967 3235 16.
986 3179 1102 3245 vadosis
1120 3180 1148 3234 A

203 3309 244 3360 18.
263 3301 425 3373 illiusslsque
444 3304 472 3356 A
544 3309 587 3359 20.
606 3253 750 3374 mvigqiio
763 3304 791 3358 A
863 3309 906 3359 24.
926 3302 1027 3358 adtolli
1047 3303 1089 3359 A¹
1107 3305 1149 3357 at-

122 3373 263 3498 31ξῖὲὲ
276 3379 375 3499 Α’27,
398 3372 488 3428 ambit
509 3376 538 3429 A
560 3372 683 3428 ambitur
701 3391 721 3429 a
794 3379 837 3430 28.
862 3373 1012 3428 obstiterat
1035 3374 1077 3430 A¹
1100 3373 1149 3428 ob
