2512 3824
366 182 548 239 caenosa.
567 183 607 239 111
626 188 651 239 s.
670 189 695 239 s.
715 188 732 239 s
750 185 878 252 (as-au)
1085 182 1129 248 63

46 373 48 376 ’
115 347 267 410 secuntur
289 342 423 408 Vistula
446 366 541 409 amne
565 343 714 427 disereta,
738 365 803 427 qua
823 347 911 409 retro
934 344 1131 428 abitusque

115 431 155 497 ad
178 431 331 496 Histrum
353 431 473 499 flumen
494 432 681 499 inmittitur.
726 452 806 517 gens
828 432 946 502 habitu
967 433 1129 518 armisque

113 519 289 622 Parthicae
313 521 477 604 proxima,
491 543 615 622 ‘verum
642 524 680 585 ut
707 521 786 585 caeli
810 521 982 622 asperioris
1008 522 1057 622 ita
1080 521 1129 587 in-

85 629 340 763 ‘geg-aluham&
360 609 707 782 iirvituralilelilispibireliii
730 612 773 762 ii
791 611 968 763 oliileiiiaiii
991 608 1130 780 siiliirii
1147 627 1182 675 34

114 785 223 850 hostis
244 786 367 869 exegit,
393 787 441 850 ita
463 808 515 850 res
539 808 680 870 opesque
708 807 818 851 secum
845 785 981 851 trahens
1002 806 1130 868 semper

115 877 225 939 eastra
247 874 413 958 habitant3
440 875 608 957 bellatrix,
630 874 749 958 libera,
771 873 945 958 indomita,
971 878 1005 938 et
1027 893 1131 956 usque

115 983 153 1026 eo
182 961 325 1027 inmanis
353 966 451 1047 atque
473 967 568 1028 atrox
594 967 633 1029 ut
658 963 798 1029 feminae
822 964 923 1028 etiam
944 962 1033 1029 bella
1056 983 1130 1026 oum

113 1049 192 1114 viris
211 1051 333 1134 ineant,
357 1055 454 1136 atque
477 1056 514 1117 ut
531 1050 659 1116 habiles
679 1052 753 1135 sint,
775 1051 863 1117 uatis
882 1051 995 1115 statim
1014 1050 1130 1115 dextra

73 1157 102 1199 m
116 1138 263 1204 aduritur
284 1161 441 1223 mamma,
468 1140 544 1205 inde
566 1139 719 1223 expedita
741 1139 776 1203 in
802 1139 887 1206 ictus
910 1160 1024 1205 manus
1047 1160 1130 1222 quae

115 1227 270 1312 exeritur,
301 1228 395 1293 virile
426 1229 465 1293 fit
496 1232 620 1310 peetus.
672 1249 766 1293 arcus
796 1227 942 1311 tendere,
974 1228 1129 1312 equitare,
1147 1243 1182 1292 aa

114 1316 239 1399 uenam,
261 1315 423 1399 puellaria
445 1337 548 1399 pensa
571 1320 655 1400 sunt,
677 1316 775 1381 ferire
792 1315 925 1381 hostem
947 1316 1129 1381 adultarum

115 1402 313 1486 stipendium
342 1408 406 1488 est,
433 1403 512 1469 adeo
540 1408 665 1470 utnon
692 1404 891 1488 percussisse
918 1425 977 1486 pro
1000 1404 1128 1486 flagitio

113 1491 288 1570 habeatur,
311 1492 418 1575 sitque
442 1493 489 1557 eis
512 1514 636 1576 poenae
658 1493 842 1576 virginitas.

72 1600 100 1643 rs
203 1578 283 1645 Inde
310 1580 411 1646 Asiae
442 1581 582 1646 confinia
613 1581 679 1645 nisi
710 1580 767 1644 ubi
798 1583 972 1662 perpetuae
1003 1579 1128 1643 hiemes
1147 1559 1181 1684 {6

115 1667 230 1733 sedent
248 1672 281 1734 et
298 1668 516 1734 intolerabilis
535 1669 635 1753 rigor.
673 1667 819 1752 Scythioi
842 1667 955 1751 populi
973 1667 1130 1751 incolunt,

113 1755 181 1823 fere
204 1777 316 1823 omnes
340 1761 373 1825 et
395 1757 432 1825 in
452 1779 553 1825 unum
573 1757 690 1824 Beluae
714 1755 880 1841 adpellati.
924 1756 958 1821 in
980 1755 1130 1822 Asiatico

113 1845 210 1911 litore
231 1847 330 1929 primi
348 1845 553 1930 Hyperborei
577 1867 674 1931 super
697 1845 883 1930 aquilonem
900 1843 1129 1929 Riphaeosque

114 1937 244 1996 mentes
267 1934 328 1998 sub
350 1933 422 2016 ipso
446 1934 588 1999 siderum
612 1934 741 1999 sardine
764 1933 885 2015 iaoent;
909 1934 968 1998 ubi
991 1935 1040 1999 sol
1062 1954 1129 1997 non

74 2019 237 2082 meotidis
254 2024 292 2084 ut
309 2021 405 2085 nobis
424 2021 479 2085 sed
497 2021 639 2104 primum
658 2042 756 2086 verno
776 2022 979 2105 aequinoctio
998 2025 1129 2087 exortus

118 2108 301 2172 autumnali
325 2107 454 2173 demum
477 2109 608 2194 oceidit3
633 2109 707 2176 ideo
731 2131 787 2175 sex
809 2109 975 2176 mensibus
1004 2109 1073 2174 dies
1097 2111 1130 2174 et

115 2194 253 2260 totidem
277 2196 351 2261 aliis
373 2218 440 2262 nox
461 2219 563 2283 usque
587 2199 741 2266 continua
768 2202 827 2264 est.
871 2202 962 2265 terra
989 2203 1181 2284 angustast

116 2284 228 2368 aprica
253 2306 312 2368 per
340 2307 374 2352 se
401 2286 532 2353 fertilis.
577 2288 718 2355 cultores
744 2287 918 2353 iustissimi
945 2291 980 2351 et
1006 2287 1129 2351 diutius

116 2392 214 2457 quam
236 2373 295 2441 ulli
317 2376 505 2441 mortalium
529 2380 564 2440 et
584 2377 712 2442 beatius
735 2377 859 2441 vivunt.
903 2375 1024 2457 quippe
1044 2374 1129 2437 festo

75 2479 245 2547 asemper
268 2463 336 2527 otio
359 2464 440 2528 laeti
460 2485 527 2528 non
549 2464 637 2529 bello
658 2483 778 2527 novere
800 2483 867 2526 non
890 2461 1006 2546 iurgia,
1028 2460 1130 2526 saeris

109 2550 241 2633 operati
273 2551 414 2616 maxime
445 2551 624 2635 Apollinis,
660 2571 798 2636 quorum
829 2549 991 2633 primitias
1022 2548 1130 2616 Delon

115 2638 244 2703 misisse
271 2638 367 2704 initio
394 2661 453 2723 per
478 2639 624 2724 virgines
652 2661 741 2722 suas,
768 2637 882 2704 deinde
908 2659 967 2724 per
991 2640 1129 2723 populos

115 2726 254 2792 subinde
274 2727 439 2795 tradentes
462 2727 686 2812 ulterioribus,
710 2749 898 2812 moremque
922 2750 996 2794 eum
1019 2728 1074 2794 diu
1097 2732 1129 2792 et

116 2814 217 2881 donee
239 2815 320 2881 vitio
340 2817 486 2903 gentium
503 2819 680 2883 temeratus
700 2820 750 2882 est
768 2838 915 2882 servasse
937 2817 1129 2881 referuntur.

74 2901 266 2968 sohabitent
292 2904 383 2970 luoos
412 2906 590 2991 silvasque,
617 2909 650 2970 et
671 2905 730 2970 ubi
758 2927 813 2971 eos
835 2903 965 2969 vivendi
993 2902 1129 2967 satietas

115 2993 223 3074 magis
237 3012 333 3075 quam
347 2994 492 3059 taedium
506 2992 600 3079 oepit,
617 2992 741 3060 hilares
755 2992 898 3058 redimiti
917 2992 1012 3056 sertis
1028 2994 1130 3056 semet

188 3171 212 3221 1.
226 3164 358 3218 secuntur
370 3163 633 3234 A¹sequ1mturA¹
689 3163 760 3219 abiit
776 3165 803 3219 A
822 3163 917 3222 abitu
970 3170 996 3220 2.
1009 3162 1131 3218 inmittit

115 3237 143 3293 A
161 3233 316 3290 inmittitur
331 3234 485 3292 Pintiamss
556 3242 580 3293 8.
599 3235 718 3291 inmanis
732 3235 773 3291 Α1
791 3234 921 3290 immanis
935 3234 975 3290 A*
1048 3239 1072 3288 9.
1088 3234 1129 3287 at

116 3322 170 3376 que
188 3306 229 3362 Α1
248 3322 316 3363 corr.
391 3313 432 3363 17.
456 3306 594 3378 adpellati
616 3309 658 3363 Αι
680 3305 807 3378 appelati
829 3305 870 3363 A‘
943 3313 985 3362 24.
1010 3320 1067 3373 qua
1088 3304 1129 3359 Αι

135 3393 200 3440 uam
218 3375 259 3432 A¹
332 3376 400 3433 olim
422 3379 463 3434 Α1
485 3377 539 3432 ulli
555 3378 597 3434 Α8
674 3378 954 3447 attemperatum
976 3375 1129 3432 temeratus

148 3451 267 3504 'ramnus
339 3456 381 3507 ³1.
401 3448 506 3520 serti<s
526 3448 677 3523 re>m<et>
695 3451 723 3506 A
742 3450 858 3518 (littam
875 3450 908 3504 ie
924 3464 984 3508 roas<⁸
999 3448 1073 3502 aab.
1087 3446 1143 3506 m
