2512 3824
384 181 566 238 CHOROGR.
585 182 626 236 111
645 187 669 238 a.
689 185 852 254 e-(so-oo)
1082 182 1125 248 75

102 345 181 430 quia
195 345 281 409 vitae
296 343 438 428 spatium
453 344 586 410 dimidio
599 343 667 409 fare
682 366 779 429 quam
792 338 852 408 nos
872 345 1003 431 longius
1019 349 1123 430 agunt

103 433 273 516 Macrobii,
295 453 371 516 pars
396 433 473 516 quia
496 454 535 497 ex
557 432 713 518 Aegypto
737 432 894 498 advenere
917 433 997 498 dicti
1019 435 1123 499 Auto-

104 523 221 586 moles:
245 521 373 604 pulchri
397 521 512 606 forma,
537 525 633 605 atque
658 522 802 604 corporis
825 521 1007 607 viriumque
1030 544 1124 588 vene·
1177 541 1179 545 ·

104 613 240 693 ratores,
261 609 365 674 voluti
388 611 585 692 optimarum
610 610 667 674 alii
689 610 856 674 virtutum.
902 610 937 673 in
961 611 1028 674 illis
1051 627 1199 698 1110886Ι

73 702 156 762 sest
183 698 235 763 cui
262 698 469 782 potissimum
496 702 634 781 pareant
661 698 767 780 specio
791 719 829 763 ac
854 698 978 763 viribus
1006 699 1124 783 legere.

105 786 191 869 apud
213 787 273 851 hos
297 786 371 870 plus
395 787 466 850 auri
489 808 588 870 quam
612 787 695 852 aeris
721 790 785 851 est:
807 786 881 851 idco
905 787 991 870 quod
1015 786 1123 852 minus

106 879 157 941 cst
184 875 358 958 pretiosius
388 879 528 940 censent.
574 897 648 940 aare
672 879 882 959 exornantur,
911 896 990 940 auro
1017 875 1125 939 vincla
1169 923 1172 929 .

105 965 247 1029 sontium
271 962 443 1028 fabricant.
489 967 539 1028 est
561 965 652 1029 locus
677 963 844 1047 adparatis
865 963 971 1047 epulis
996 984 1124 1046 semper
1142 979 1177 1028 87

103 1052 255 1135 refertus,
283 1055 316 1116 εὴ
339 1052 416 1136 quia
439 1056 476 1116 ut
498 1052 581 1116 libet
602 1051 690 1116 vesci
717 1052 900 1116 volentibus
926 1051 1002 1116 licet
1025 1051 1124 1116 Heliu

58 1145 259 1224 rotrapezan
282 1141 462 1224 adpellant,
487 1145 520 1204 et
542 1161 626 1224 quae
647 1140 771 1224 passim
796 1139 947 1225 adposita
971 1143 1047 1204 sunt
1070 1139 1124 1203 ad·

103 1231 235 1294 firmant
256 1229 383 1294 innasci
407 1227 544 1293 subinde
568 1228 734 1295 divinitus.
780 1232 830 1292 est
852 1229 940 1293 lacus
964 1251 1028 1312 quo
1052 1249 1122 1312 pcr-
1141 1244 1176 1292 88

101 1317 176 1382 fusa
194 1339 331 1400 corpora
350 1317 443 1400 quasi
461 1319 559 1382 uncta
576 1319 753 1400 pernitent:
776 1317 903 1382 bibitur
921 1317 1021 1402 idem3
1041 1317 1122 1381 adeo
1165 1331 1168 1336 '

103 1409 153 1469 est
180 1404 320 1488 liquidus
349 1408 383 1468 et
410 1405 451 1470 ad
479 1404 668 1470 sustinenda
700 1426 783 1489 quae
810 1405 957 1470 incidunt
987 1410 1045 1470 aut
1077 1405 1125 1468 in·

103 1493 277 1557 mittuntur
307 1494 473 1577 infirmus,
509 1497 546 1558 ut
576 1493 658 1558 folia
690 1499 791 1558 etiam
823 1493 980 1576 proximis
1015 1492 1125 1557 decisa

58 1600 88 1642 rs
103 1581 273 1646 frondibus
296 1604 363 1646 non
386 1582 570 1647 innatantia
592 1581 677 1646 ferat
701 1581 757 1646 sed
778 1602 911 1665 pessum
935 1585 968 1645 et
991 1581 1123 1664 penitus

104 1670 251 1755 accipiat.
297 1674 374 1736 sunt
397 1674 430 1736 ct
452 1671 669 1736 saevissimae.
684 1670 772 1734 ferae
797 1671 886 1734 omni
910 1670 1017 1734 colora
1040 1669 1124 1734 varii

103 1760 256 1844 lycaones
285 1763 318 1824 et
346 1759 459 1843 quales
489 1760 673 1844 accepimus
690 1759 868 1843 sphinges.
918 1761 994 1822 sunt
1022 1757 1125 1821 mirae
1155 1840 1160 1850 ·

104 1870 178 1912 aves
206 1851 361 1914 cornutae
388 1853 586 1934 tragopanes
614 1852 648 1912 et
675 1847 801 1931 equinis
835 1847 967 1911 auribus
1000 1845 1125 1931 pegasi.

104 1938 248 2001 ceterum
271 1957 343 2000 oros
368 1937 408 2000 ad
432 1958 545 2000 eurum
569 1936 778 2018 sequentibus
801 1935 884 1998 nihil
914 1934 1123 1998 memorabile
1142 1949 1177 1999 89

56 2042 90 2082 :ao
105 2023 253 2086 occurrit.
298 2027 392 2086 vasta
416 2023 525 2088 omnia
546 2024 650 2088 vastis
673 2021 821 2106 praecisa
843 2022 1010 2086 montibus
1033 2022 1125 2104 ripae

104 2110 213 2194 potius
233 2113 310 2175 sunt
324 2133 421 2195 quam
439 2111 546 2175 litora.
583 2110 657 2175 inde
671 2112 787 2194 ingens
805 2113 841 2174 εὴ
859 2109 929 2174 sine
944 2109 1124 2174 cultoribus

104 2205 228 2264 tractus.
275 2200 407 2264 dubium
431 2199 622 2284 aliquandiu
639 2199 704 2264 fuit
722 2202 849 2263 essetne
871 2198 961 2262 ultra
979 2198 1125 2283 pelagus,

104 2293 276 2372 caperetne
290 2292 377 2353 tarra
392 2288 571 2367 circuitum,
586 2311 628 2353 an
642 2288 801 2353 exhausto
812 2287 912 2352 fluctu
927 2287 996 2350 sine
1011 2286 1075 2350 fine
1090 2307 1125 2349 sc

104 2377 217 2442 Africa
249 2377 449 2460 extenderet,
481 2399 594 2441 verum
627 2381 660 2442 et
691 2375 809 2440 Hanno
843 2373 1124 2459 Carthaginiensis
1143 2389 1179 2439 9⁰

56 2483 89 2524 ss
106 2465 312 2547 exploratum
344 2466 465 2530 missus
498 2488 517 2529 a
550 2465 628 2547 suis,
661 2485 734 2529 cum
766 2485 825 2548 per
857 2463 970 2528 oceani
1003 2463 1125 2527 ostium

89 2553 225 2616 'exisset
242 2572 396 2638 magnam
410 2557 538 2636 partem
557 2553 625 2618 sius
641 2552 883 2631 circumvectus,
902 2573 969 2616 non
988 2572 1022 2615 se
1041 2550 1125 2616 mari

175 2751 200 2799 3.
220 2745 250 2799 et
268 2743 317 2815 qui
334 2745 362 2799 A
382 2746 468 2814 atquc
486 2744 578 2816 Heysc
597 2745 642 2814 (cf.
665 2744 787 2815 Portbey
801 2759 831 2813 p.
846 2745 916 2812 212)
970 2756 1127 2812 parumque

103 2816 131 2870 A
159 2814 317 2886 viriumque
343 2816 471 2872 Bursian
548 2823 572 2870 3.
596 2821 622 2870 4.
646 2815 772 2870 venerati
800 2830 862 2868 ores
895 2813 922 2866 A
946 2814 1128 2866 veneratores

103 2903 124 2941 x
200 2893 225 2941 6.
250 2894 273 2942 7.
298 2904 382 2956 quam
405 2887 462 2958 psis
491 2886 574 2957 (aeris
597 2887 689 2954 scrib.)
712 2887 756 2940 est
778 2884 844 2938 ideo
868 2882 1060 2952 quod-minus
1082 2882 1128 2935 est

103 2955 260 3026 preciosius
279 2957 442 3028 (pretiosius
461 2959 554 3027 scrib.)
568 2956 609 3012 A*
627 2959 745 3026 exceptu
764 2957 863 3010 listerus
881 2953 939 3007 sius
957 2955 990 3008 iss
1003 2954 1128 3023 marpissa

103 3027 264 3153 nm
291 3029 524 3154 z:oz-cre-11
801 3023 1129 3152 sinn

159 3114 208 3153 exc
252 3115 277 3152 aa
300 3117 312 3153 c
428 3114 443 3152 e
483 3115 516 3152 aa
596 3115 624 3154 co
642 3114 728 3154 vacuo
838 3138 843 3150 .
896 3137 901 3149 .

98 3114 247 3223 affimalll
260 3167 300 3222 A²
374 3175 415 3223 11.
436 3114 611 3241 <est>ldatc
628 3168 774 3238 lacuslA³
847 3173 889 3221 16.
905 3165 983 3219 feroc
996 3165 1039 3219 A¹
1057 3177 1128 3244 corr.

177 3245 218 3294 18.
233 3242 470 3309 tragappomencs
485 3242 512 3294 A
526 3241 697 3310 tragopanes
715 3237 830 3294 Wactus
885 3235 999 3306 equinis
1011 3232 1129 3288 auribus

104 3313 133 3365 et
146 3312 174 3366 A
193 3311 223 3365 ct
241 3309 351 3378 equinis
370 3309 484 3365 auribus
502 3311 649 3367 Borboros
691 3322 693 3326 ’
722 3316 765 3364 22.
784 3310 892 3364 tractus
912 3323 962 3362 osa
978 3307 1005 3359 A
1025 3303 1090 3359 add.
1109 3319 1131 3358 ω

156 3388 200 3436 23.
221 3381 356 3436 exhausta
374 3379 467 3434 fractu
485 3383 513 3435 A
532 3382 668 3437 exhausto
687 3380 775 3434 fluctu
800 3379 912 3435 Vossius
967 3381 1014 3430 24.
1030 3390 1135 3430 verum

97 3454 133 3506 et
151 3452 176 3506 si
194 3453 221 3507 A
239 3455 385 3508 serumst
407 3453 559 3508 Pintionss
631 3459 674 3508 26.
696 3450 806 3506 cxissut
824 3449 863 3504 Αι
883 3446 997 3501 efficat
1018 3444 1054 3496 A·
