2512 3824
385 177 567 234 OHOROGR.
586 178 627 232 111
646 184 670 234 r.
690 179 857 250 s-(rr-eo)
1087 179 1129 246 73

111 362 244 428 corpore
270 340 400 406 hirsuti.
445 341 604 406 interiore
627 339 761 406 Cedrosi
791 340 907 407 dehinc
929 339 1048 407 Persae
1072 343 1130 407 ha·

109 430 227 496 bitant.
272 427 379 495 Saetis
401 451 460 513 per
479 428 681 512 Carmanios,
705 451 805 514 supra
824 427 939 495 Sandis
959 436 993 496 et
1013 430 1128 498 Ourios

110 518 256 584 effluunt.
313 517 348 582 in
383 521 477 601 parte
514 539 596 603 quae
631 517 742 602 pelagi
778 519 864 584 ostio
902 518 1039 585 adversa
1076 523 1126 586 est
1144 536 1180 586 ‘ze

108 606 365 691 Babyloniorum
401 606 482 672 fines
520 605 822 692 Chaldaeorumque
859 610 954 691 sunt,
991 610 1025 672 et
1062 608 1126 674 duo

81 695 191 760 solari
209 716 321 761 amnes
340 694 449 780 Tigris
467 694 595 760 Persidi
612 695 756 779 propior,
775 695 911 761 ulterior
928 694 1126 780 Euphrates.

108 782 217 870 Tigris
248 788 287 849 ut
317 787 414 849 natus
446 786 497 848 est
525 784 574 849 ita
601 783 795 849 descendens
826 805 928 868 usque
959 784 996 849 in
1028 785 1127 850 litora
1146 802 1181 852 ⁷7

106 876 261 956 permeat.
314 870 501 956 Euphrates
537 872 674 937 immani
711 893 767 938 ore
803 876 918 957 aperto
954 895 1022 938 non
1059 874 1127 938 exit

106 964 236 1026 tantum
258 960 343 1026 unde
366 961 483 1044 oritur,
506 961 561 1026 sed
585 962 618 1025 et
639 963 731 1026 vaste
755 983 882 1046 quoque
905 960 1040 1047 decidit,
1066 984 1126 1028 neo

107 1053 197 1115 secat
227 1049 380 1116 continuo
413 1069 524 1134 egros,
560 1049 627 1115 late
663 1048 798 1115 diffusus
834 1051 871 1114 in
902 1054 1033 1136 stagna,
1070 1051 1125 1116 diu

66 1138 293 1205 resedentibus
317 1138 410 1222 aquis
429 1139 523 1222 piger
546 1142 581 1203 et
604 1138 673 1202 sine
692 1138 786 1204 alveo
809 1138 952 1222 patulus,
973 1142 1051 1222 post
1068 1140 1126 1205 ubi

104 1227 404 1398 ἸἸἸἸἸἸἸἸἸ
417 1225 665 1380 luidb
681 1227 903 1399 ὅέξἸἸὲἓὲἕ
926 1227 1127 1382 {lautu

104 1403 205 1488 petit,
240 1403 277 1469 ni
309 1402 435 1468 Taurus
467 1402 577 1468 obstet
608 1402 643 1469 in
674 1406 789 1468 nostra
820 1403 926 1470 maria
960 1408 1126 1470 venturus.

104 1491 179 1557 inde
206 1492 248 1557 ad
274 1491 442 1557 meridiem
476 1492 649 1575 avertitur,
681 1495 714 1556 et
746 1491 888 1575 primum
916 1490 1017 1577 Syros
1049 1496 1127 1558 tunc
1146 1507 1182 1558 '18

65 1597 91 1639 15
104 1579 232 1646 Arabas
256 1579 422 1664 ingressus
444 1601 512 1646 non
532 1579 687 1665 perdurat
710 1580 745 1644 in
767 1580 917 1664 pelagus,
941 1602 1053 1645 verum
1077 1581 1126 1646 in·

104 1688 185 1752 gens
208 1669 304 1734 modo
329 1673 362 1734 et
384 1668 595 1754 navigabilis,
617 1667 692 1733 inde
715 1668 822 1733 tenuis
842 1668 931 1734 rivus
955 1667 1125 1753 despectus

104 1757 276 1842 emoritur,
302 1761 336 1822 et
361 1779 524 1843 nusquam
552 1756 729 1822 manifesto
758 1757 847 1822 exitu
875 1756 979 1822 effluit
1008 1761 1044 1823 ut
1068 1759 1125 1823 alii

104 1867 215 1910 amnes
231 1846 288 1911 sed
301 1846 419 1912 deficit.
447 1847 588 1912 alterum
606 1845 693 1911 latus
708 1846 813 1912 ambit
826 1845 927 1931 plaga
941 1869 1024 1931 quae
1038 1847 1125 1913 inter
1145 1862 1180 1911 79

103 1937 277 2017 utrumque
294 1934 433 2018 pelagus
451 1933 601 1999 excurrit.
646 1933 773 1998 Arabia
794 1934 922 2018 dicitur,
945 1955 1126 2020 cognomen

64 2038 91 2079 ao
104 2018 311 2103 Eudaemon,
334 2024 482 2106 angusta,
505 2042 619 2086 verum
641 2021 784 2086 cinnami
807 2024 841 2086 et
861 2022 945 2086 turis
971 2023 1125 2087 aliorum·

106 2129 169 2193 que
197 2107 333 2174 odorum
361 2109 502 2174 maxime
529 2109 629 2174 ferax.
678 2109 837 2175 maiorem
865 2107 984 2175 Sabaei
1013 2113 1126 2176 tenent

104 2199 252 2281 partem,
293 2197 379 2264 ostio
415 2197 598 2284 proximam
636 2201 669 2263 et
689 2195 889 2264 ‘Carmaniis
926 2199 1125 2264 contrariam

103 2283 225 2351 Macae.
279 2285 423 2352 frontem
454 2308 537 2372 quae
568 2286 654 2351 inter
690 2287 776 2352 ostia
808 2286 990 2352 ostenditur
1023 2287 1124 2354 silvae

105 2378 280 2459 cautesque
308 2379 511 2461 exasperant
556 2375 684 2458 aliquot
711 2375 845 2440 suntin
867 2376 973 2440 medio
997 2375 1123 2440 insulae

64 2463 197 2547 resitue,
220 2461 343 2549 Ogyris
366 2463 453 2548 quod
475 2464 511 2527 in
533 2483 571 2527 ea
588 2462 754 2546 Erythrae
776 2463 865 2546 regis
888 2461 1124 2528 monimentum

104 2553 155 2614 est
172 2551 279 2636 magis
298 2550 388 2617 clara
406 2573 504 2636 quam
524 2554 657 2617 ceterae.
698 2551 838 2616 alterum
857 2550 964 2615 sinum
982 2550 1123 2637 undique
1142 2567 1179 2619 80

102 2637 230 2704 Arabes
262 2638 441 2725 incingunt.
497 2639 538 2704 ab
571 2661 610 2704 ea
640 2642 734 2723 parte
767 2660 849 2724 quae
881 2639 1121 2708 introeuntibus

102 2727 218 2793 dextra
244 2730 295 2793 est
316 2729 414 2794 urbes
442 2732 520 2794 sunt
542 2725 666 2793 Charra
696 2731 730 2792 et
751 2727 876 2793 Arabia
903 2731 936 2793 et
959 2727 1123 2817 Gadanus,

101 2816 136 2880 in
174 2816 278 2882 altera
314 2817 356 2882 ab
392 2817 511 2883 intimo
549 2815 669 2903 angulo
705 2817 814 2900 prima
844 2815 1001 2883 Berenice
1037 2819 1123 2885 inter

62 2923 89 2964 eo
102 2902 383 2988 Heroopoliticum
416 2909 449 2972 et
478 2903 671 2990 Strobilum,
702 2905 818 2970 deinde
850 2906 936 2972 inter
967 2928 1120 2991 promun-

172 3101 198 3148 2.
213 3095 313 3149 choros
326 3095 354 3149 A
370 3095 466 3152 Corios
479 3096 626 3152 Barbarae
698 3102 724 3151 3.
733 3101 799 3166 post
812 3095 932 3150 effluunt
944 3099 1123 3154 iuddciae

99 3165 243 3221 duodecim
266 3166 419 3222 litterarum
490 3172 515 3223 6.
534 3165 651 3237 propior
668 3167 709 3222 A¹
732 3183 801 3223 corr.
875 3173 918 3223 20.
938 3168 1075 3222 eudemon
1092 3168 1121 3222 A

172 3242 215 3292 28.
243 3251 363 3304 magnae
386 3238 414 3292 A
437 3237 535 3293 Macae
562 3237 710 3294 Barbarae
786 3243 828 3292 25.
857 3238 934 3308 gyris
962 3239 990 3292 A
1018 3237 1121 3308 Ogyris

100 3307 256 3364 Pintiureue
332 3313 375 3362 26.
396 3315 460 3378 poet
483 3307 575 3363 sinum
599 3311 719 3434 potuque
744 3310 801 3376 serr
829 3310 1049 3365 litterararum

98 3383 142 3502 33.
157 3375 397 3504 iliempiiifficum
419 3380 447 3434 A
470 3380 602 3450 Heroopo
617 3379 715 3436 'ticum
737 3380 884 3435 Barbarae
958 3377 1030 3452 <et>
1057 3386 1122 3436 ante

98 3465 111 3501 s
140 3464 157 3503 o
199 3466 248 3504 um
