2512 3824
176 187 220 252 64
521 183 701 240 POMPONII
718 185 842 240 Manna

175 350 240 434 ipsi
263 349 298 413 in
320 348 456 433 pelagus
480 369 519 412 ex
538 352 627 414 certa
645 369 726 431 rupe
748 347 940 431 praecipites
959 345 1045 412 dant.
1086 347 1121 412 id
1144 349 1194 413 cis

124 455 158 505 38
177 439 274 503 funus
307 436 461 501 eximium
493 440 553 501 111.
601 457 691 501 mare
723 434 879 519 Caspium
911 439 948 499 ut
975 439 1114 520 angusto
1145 436 1196 502 ita

176 527 274 611 longo
307 525 407 591 ctiam
438 524 523 589 freto
555 525 697 607 primum
732 527 837 588 terras
870 523 964 607 quasi
995 524 1113 589 fluvius
1145 526 1196 589 in·

176 614 312 767 {affl}
315 617 438 766 ᾖ111111
465 613 523 766 appi
549 618 639 715 racto
667 613 761 713 alvec
789 611 917 765 1111111111
940 612 980 713 ‘in
1006 616 1089 765 trepd
1103 612 1195 717 sinus

302 725 314 766 1
352 725 382 766 r:
409 723 470 767 con
505 723 525 766 a
552 723 588 766 os
616 725 628 766 1
652 723 724 766 sum
746 723 781 765 1n
877 721 1006 765 camum
1117 718 1222 766 sim-c

178 795 281 857 stram
303 791 338 855 in
357 788 553 873 Scythicum,
576 791 616 854 ad
628 723 783 854 Idextram
800 722 928 853 inyerum
947 751 1043 872 quein
1061 791 1197 873 proprie

176 880 279 956 totius
303 878 433 943 nomine
451 875 606 960 Caspium
625 877 808 963 adpellant3
833 897 929 942 omne
947 882 1042 942 atrox
1060 899 1197 943 saevum

178 970 247 1033 sinc
270 967 435 1051 portibus,
462 966 615 1050 procellis
638 965 779 1050 undique
803 965 1000 1051 expositum,
1028 986 1066 1030 ac
1089 966 1197 1032 beluis

178 1057 285 1140 magis
305 1077 401 1140 quam
425 1059 533 1119 cetera
556 1054 712 1120 refertum
731 1057 764 1117 et
782 1053 854 1118 ideo
873 1053 980 1119 minus
998 1055 1197 1139 navigabile.

178 1145 219 1208 ad
236 1144 471 1208 introduntium
491 1141 638 1208 dextram
654 1141 793 1226 Scythae
811 1141 976 1207 Nomades
994 1142 1073 1208 freti
1091 1141 1236 1207 litori-1⁰

99 1250 101 1255 ·
127 1249 160 1298 39
180 1233 241 1296 bus
268 1231 419 1295 insident.
470 1231 558 1296 intus
586 1235 662 1296 1111
691 1231 731 1295 ad
759 1228 915 1315 Caspium
946 1232 1054 1296 sinum
1083 1228 1198 1316 Caspii

180 1324 213 1384 et
244 1318 427 1384 Amazones
460 1318 516 1382 sed
547 1341 627 1403 quas
661 1317 905 1384 Sauromatidas
938 1319 1118 1404 adpellant,
1156 1320 1198 1385 ad

179 1408 382 1492 Hyrcanium
405 1405 527 1472 Albani
550 1412 583 1472 11
605 1407 732 1473 Moschi
756 1411 789 1473 11
806 1406 958 1492 Hyrcani,
983 1408 1018 1472 in
1040 1406 1196 1493 Scythico

179 1496 317 1562 Amardi
340 1500 373 1561 11
395 1495 517 1561 Pestici
540 1499 574 1561 11
596 1496 662 1560 iam
687 1495 728 1560 ad
749 1495 872 1561 fretum
890 1495 1054 1561 Derbices.
1098 1497 1197 1562 multi

180 1587 215 1650 in
248 1608 286 1651 eo
320 1585 392 1650 sinu
422 1585 535 1670 magni
566 1585 723 1670 parvique
756 1606 867 1649 amnes
899 1584 1017 1670 fluunt,
1049 1584 1106 1650 sed
1139 1586 1197 1670 qui
1211 1601 1236 1643 11

179 1675 304 1739 famam
330 1673 452 1738 habeat
479 1695 533 1734 *a*
562 1695 600 1737 ex
628 1670 785 1738 Ceraunis
812 1673 979 1738 montibus
1008 1695 1073 1738 uno
1105 1674 1198 1739 alveo

126 1779 161 1828 40
181 1761 362 1843 descendit,
397 1760 523 1825 duobus
556 1762 623 1824 exit
655 1761 691 1825 in
723 1758 886 1843 Caspium.
940 1761 1064 1826 Araxes
1096 1760 1197 1825 Tauri

180 1850 282 1914 latere
302 1847 470 1932 demissus,
490 1848 596 1933 quoad
615 1869 747 1932 campos
767 1848 940 1914 Armeniae
960 1853 1057 1933 secat,
1074 1848 1197 1914 labitur

180 1937 327 2022 placidus
350 1940 384 2001 et
407 1936 516 2018 silens,
538 1958 641 2020 neque
664 1937 700 2000 in
718 1940 827 2002 utram
849 1943 979 2020 partem
999 1942 1060 2022 eat,
1084 1959 1197 2023 quam·

181 2049 280 2112 quam
302 2024 470 2110 intuearis,
492 2025 698 2109 manifestum
721 2047 795 2090 oum
817 2026 853 2090 in
876 2027 1043 2112 asperiora
1066 2026 1196 2092 devenit
1210 2044 1236 2084 2⁰

180 2116 257 2179 hinc
280 2119 378 2198 atque
400 2112 491 2178 illino
509 2114 643 2197 rupibus
662 2135 803 2199 pressus,
826 2120 860 2180 et
883 2118 1004 2199 quanto
1028 2115 1199 2201 angustior

181 2207 275 2267 tanto
303 2201 410 2284 magis
440 2203 556 2285 pernix
586 2201 711 2285 frangit
744 2223 777 2267 se
806 2204 941 2269 subinde
974 2203 1014 2268 ad
1046 2204 1199 2287 opposita

182 2290 335 2372 cautium,
358 2291 455 2373 atque
475 2289 517 2353 ob
540 2289 573 2353 id
592 2290 719 2374 ingenti
738 2312 811 2354 cum
829 2313 994 2357 murmure
1013 2314 1198 2376 conansque

182 2377 372 2462 devolvitur,
396 2377 475 2442 adeo
494 2378 578 2443 citus
601 2382 638 2443 11
658 2399 721 2462 qua
745 2401 783 2444 ex
805 2381 976 2464 praecipiti
999 2381 1034 2444 in
1053 2380 1199 2446 subiecta

182 2489 315 2532 casurus
334 2470 468 2532 estnon
487 2465 627 2532 declinet
646 2467 759 2532 statim
773 2468 902 2554 undam,
921 2469 977 2534 sed
994 2469 1083 2534 ultra
1101 2490 1199 2553 quam
1212 2484 1239 2525 2⁶

183 2556 327 2620 canalem
348 2555 450 2620 habet
474 2555 600 2639 evehat,
621 2556 696 2639 plus
719 2557 840 2641 ingeris
864 2557 970 2640 spatio
994 2557 1142 2622 sublimis
1166 2561 1200 2622 et

183 2643 1199 2815 111111311111111131111151111111111111111

1189 2781 1198 2815 7

255 2895 279 2944 1.
298 2885 448 2958 praecipiti
462 2887 490 2941 A
507 2886 677 2958 praecipites
694 2905 715 2943 a
770 2895 795 2943 3.
814 2894 839 2942 4.
858 2885 995 2958 inrumpit
1013 2886 1055 2942 A¹
1068 2886 1200 2958 irrumpit

183 2958 224 3013 A’
297 2966 321 3014 6.
342 2965 366 3014 7.
384 2956 587 3029 proprietatiua
605 2958 648 3012 A¹
665 2959 778 3029 proprie
796 2957 884 3014 totius
897 2957 938 3014 A¹
956 2961 989 3015 ia
1005 2961 1129 3031 marpiae

185 3036 210 3085 7.
224 3028 346 3084 nominis
360 3029 388 3082 A
404 3028 517 3083 nomine
535 3028 679 3084 Vadiamra
732 3030 878 3100 adpellant
891 3030 934 3085 A¹
946 3030 1093 3102 appellant
1106 3029 1145 3085 A²

185 3105 210 3155 8.
229 3100 341 3171 belussra
355 3100 383 3154 A
440 3099 925 3171 11.1111111111111111111111Ι
999 3109 1041 3157 13.
1059 3100 1155 3157 mochi
1172 3102 1200 3154 A

183 3169 294 3226 Moschi
315 3171 462 3226 Barbaros
539 3177 580 3226 14.
604 3169 712 3226 amerdi
733 3173 762 3226 A
789 3172 906 3227 Amardi
927 3191 948 3229 1
1023 3173 1149 3228 debrices
1173 3173 1201 3226 A

184 3241 351 3296 Derbiceso
406 3247 446 3297 16.
462 3241 586 3295 habeant
598 3242 640 3295 A¹
657 3241 763 3296 habeat
776 3241 817 3297 A⁸
866 3249 932 3313 post
948 3243 1054 3299 habeat
1066 3243 1201 3298 11111111

184 3313 217 3366 dc
236 3312 305 3368 Caso
323 3317 373 3368 aui
394 3313 427 3368 de
445 3311 556 3366 Albano
578 3312 653 3368 dictu
670 3313 839 3368 intercidisse
856 3315 994 3382 sidentur,
1013 3315 1047 3382 cf.
1067 3313 1142 3367 Plio.
1162 3312 1200 3368 N.

184 3382 224 3438 H.
243 3383 293 3451 VI,
311 3387 357 3450 13,
371 3387 407 3438 39
463 3388 503 3438 17.
518 3388 583 3452 poci
597 3381 729 3453 Caspium
742 3385 904 3454 interpetati
958 3391 1000 3441 20.
1015 3383 1045 3437 in
1058 3382 1202 3454 asperiora

181 3451 226 3504 ,4¹
242 3455 362 3522 11111111
380 3454 478 3510 litteris
497 3452 621 3523 speriora
693 3459 736 3510 13.
756 3455 840 3523 atque
859 3456 900 3510 A¹
918 3471 986 3512 corr,
