2512 3824
138 159 180 224 72
482 157 660 214 POMPONII
677 156 804 215 Menan

84 327 252 389 ‘licentra
278 321 352 387 Indi
380 321 467 388 ostia
499 321 560 386 illa
591 325 667 386 sunt
699 343 782 407 quae
808 325 927 388 vocant
954 318 1041 387 Solis
1073 322 1159 388 adeo

136 410 377 493 inhabitabilia,
394 414 433 476 ut
445 412 611 496 ingressos
626 409 676 476 vis
690 409 879 476 circumfusi
893 409 979 475 aeris
993 411 1159 476 exanimet

141 499 322 584 confestim,
340 503 374 564 et
391 500 478 565 inter
496 499 568 583 ipsa
585 499 672 564 ostia
688 498 847 566 Patalene
864 499 965 584 regio,
984 498 1026 564 ob
1043 501 1156 566 ‘aestus

138 587 356 653 intolerabilis
375 587 494 654 alicubi
508 586 687 654 cultoribus
706 608 814 672 egens.
847 587 920 652 inde
940 585 981 652 ad
994 587 1158 672 principia

138 675 244 741 Rubri
257 677 357 742 maris
375 677 519 760 pertinet
531 675 655 742 Arione
667 681 696 741 et
713 676 787 761 ipsa
799 675 888 741 invia
902 679 999 760 atque
1015 675 1188 760 deserta35

135 764 254 830 humus
278 765 379 830 cineri
400 764 506 848 magis
529 765 568 829 fit
590 786 687 849 quam
709 765 837 849 pulveri
860 764 991 848 similis,
1016 763 1157 850 ideoque

135 852 998 1025 42¹.{t.t¹t.⁰lsslt.tt¹ttit.ttttti
1015 873 1157 936 ...mm

226 1029 375 1096 Rubrum
397 1052 487 1095 mare
509 1027 626 1096 Graeci
667 1029 735 1094 sive
764 1030 840 1114 quia
863 1031 932 1094 eius
961 1029 1080 1094 coloris
1103 1035 1157 1096 est

82 1085 117 1136 72
137 1118 205 1183 sive
234 1119 319 1202 quod
346 1119 395 1184 ibi
421 1117 584 1204 Erythras
611 1080 764 1203 riguerit
789 1116 956 1202 Erythran
984 1117 1157 1185 thalassan
1171 1136 1200 1177 1⁰

136 1207 318 1289 appellant:
345 1207 564 1290 procellosum
592 1229 743 1290 asperum
769 1228 872 1290 mare,
898 1205 1095 1290 profrmdum
1120 1212 1156 1273 et

134 1314 329 1378 magnorum
343 1295 535 1360 animalium
548 1295 655 1379 magis
670 1317 769 1380 quam
782 1299 890 1361 cetera
904 1315 1015 1378 capax.
1045 1295 1154 1379 primo

133 1383 314 1448 recedentis
333 1405 408 1448 cras
432 1383 646 1469 aequabiliter
663 1384 814 1468 impellit,
838 1386 871 1448 et
887 1383 943 1447 ubi
961 1405 1028 1448 non
1050 1384 1156 1450 intrat

132 1471 272 1538 interius
295 1472 501 1558 aliquantum
524 1475 639 1556 patens
662 1472 753 1538 sinus
777 1475 835 1537 est.
882 1471 939 1536 sed
958 1493 1039 1556 quas
1061 1473 1153 1557 ripas

133 1560 302 1627 inflexerat
329 1561 380 1627 bis
408 1561 582 1646 inrumpit,
608 1559 753 1646 duosque
781 1561 901 1626 iterum
925 1560 1015 1625 sinus
1038 1561 1153 1645 aperit
1168 1578 1197 1620 1⁵

79 1665 113 1715 '13
132 1647 282 1715 Persicus
310 1654 445 1715 vocatur
471 1651 567 1715 dictis
594 1650 783 1736 regionibus
810 1649 959 1734 propior,
988 1647 1152 1715 Arabicus

132 1737 278 1805 ulterior.
327 1737 478 1803 Persicus
507 1760 571 1822 qua
597 1760 687 1803 mare
715 1737 833 1821 accipit
860 1737 1023 1822 utrimque
1052 1739 1152 1804 rectis

130 1824 290 1891 lateribus
305 1825 427 1911 grande
446 1825 567 1892 ostium
581 1827 675 1910 quasi
693 1825 817 1890 cervice
832 1826 1058 1909 conplectitur,
1076 1826 1153 1892 dein

129 1913 228 1978 terris
246 1914 281 1978 in
299 1935 429 1979 omnem
442 1917 571 1999 partem
589 1917 682 1980 vaste
700 1918 733 1980 et
752 1935 856 1999 aequa
868 1914 1019 1999 portione
1038 1915 1151 1980 ceden-

129 2002 220 2069 tibus
252 2022 374 2088 magno
402 2003 536 2068 litorum
564 2004 642 2069 orbe
673 2003 812 2088 pelagus
844 2002 1012 2086 incingens
1043 2003 1194 2069 rcdffitso

75 2090 270 2156 ‘14fcrmam
293 2091 382 2175 capit
367 2093 411 2156 tis
433 2091 579 2158 humani.
623 2091 759 2156 Arabici
782 2095 816 2156 et
838 2113 876 2156 os
895 2093 998 2158 artius
1021 2095 1055 2157 et
1077 2093 1151 2158 lati·

129 2179 209 2243 tudo
237 2180 345 2244 minor
375 2183 439 2262 est,
471 2180 577 2244 maior
604 2180 770 2264 aliquanto
802 2201 950 2245 recessus
982 2184 1016 2245 et
1043 2181 1149 2246 multo

129 2265 237 2351 magis
265 2267 367 2352 longa
393 2266 566 2332 latera.
556 2267 618 2331 mit
556 2268 777 2352 m1penitus
804 2267 1042 2353 introrsusque,
1071 2269 1149 2335 dum

127 2353 317 2440 Aegyptum
335 2377 437 2440 paene
457 2359 490 2420 et
507 2359 653 2422 montem
670 2355 813 2422 Arabiae
832 2354 966 2422 Casium
986 2356 1149 2443 adtingat,

129 2443 271 2527 quodam
293 2443 430 2529 fastigio
454 2445 563 2511 minus
587 2466 624 2510 ac
647 2444 754 2510 minus
777 2444 930 2528 latus,et
897 2467 1017 2530 equo
1041 2447 1148 2548 magis
1162 2460 1191 2504 ²⁵

75 2547 109 2596 to
128 2535 281 2615 penetrat
308 2537 428 2619 angust
428 2534 487 2600 ior
537 2534 579 2599 ab
606 2532 659 2598 his
688 2554 771 2618 qnae
799 2532 938 2598 diximus
966 2533 1008 2598 ad
1040 2535 1148 2600 sinum

127 2619 310 2704 Persicum,
341 2622 406 2687 nisi
437 2622 495 2687 ubi
523 2618 774 2706 Chelonophagi
805 2625 989 2706 morantur,
1022 2621 1149 2690 deserta

127 2708 298 2772 suntin
331 2709 402 2793 ipsc
431 2708 598 2775 Carmanii
624 2710 849 2795 navigantium
881 2709 1015 2776 dextera
1034 2711 1148 2814 ‘positi

127 2795 197 2860 sine
226 2799 319 2862 reste
347 2819 384 2862 ac
411 2796 507 2883 fruge
535 2799 604 2863 sine
631 2818 747 2882 pecore
777 2819 815 2862 ac
847 2798 977 2864 sedibus
1008 2798 1147 2883 piscium

126 2888 200 2950 cute
228 2907 263 2950 se
289 2884 414 2966 velant,
443 2907 538 2951 carne
565 2889 751 2970 vescuntur,
779 2890 909 2970 praeter
937 2887 1047 2972 capita
1075 2892 1145 2955 totc
1160 2902 1189 2944 ⁸⁰

198 3083 222 3131 1.
241 3075 308 3131 inde
326 3078 355 3132 A
372 3075 435 3132 Indi
452 3094 474 3133 co
527 3084 552 3133 3.
571 3093 635 3134 rara
652 3078 733 3132 tenet
745 3078 773 3132 A
786 3077 921 3132 Patalene
937 3079 1092 3135 Piraiacae

125 3153 150 3202 5.
165 3154 230 3216 poet
243 3147 369 3216 pertinet
385 3149 485 3204 addidi
498 3147 603 3204 Ariane
617 3150 647 3203 et
718 3153 744 3204 8.
759 3146 919 3218 accepimus
933 3150 975 3204 A¹
989 3166 1057 3206 coer.
1072 3152 1147 3206 inter

124 3219 298 3274 scribendum
317 3220 384 3286 (fuit
402 3217 566 3343 accipimus,
585 3220 658 3289 qaod
674 3235 736 3275 cam
757 3218 880 3275 Gastcco
894 3220 1017 3302 Partbep
1029 3222 1145 3289 resbaci)

198 3296 239 3344 13.
259 3289 416 3344 recedentis
440 3292 525 3345 aicA
597 3291 631 3343 ut
648 3291 675 3344 A
694 3289 744 3344 ubi
766 3292 866 3372 scripsi
936 3289 992 3346 iret
1008 3292 1036 3346 A
1055 3291 1147 3346 intrat

123 3361 223 3428 scripse
296 3367 337 3415 14
357 3362 419 3415 erat
432 3361 459 3415 A
479 3361 636 3442 estscrc'pea'
708 3367 749 3416 46.
768 3359 884 3442 propior
897 3361 939 3416 A¹
957 3379 1025 3418 corr.
1100 3368 1143 3417 1⁷.

123 3428 242 3483 ulterior
260 3431 301 3486 A¹
324 3448 393 3488 corr.
468 3437 511 3485 24.
530 3430 661 3500 adtingat
679 3432 720 3486 A¹
739 3430 864 3500 attingat
881 3430 922 3486 A¹
