2512 3824
393 185 576 242 OHOROGR.
596 185 637 240 111
657 183 717 241 aa
738 186 868 254 (oa-er)
1100 183 1143 249 69

124 355 214 435 sunt,
241 351 298 418 sed
324 371 383 436 per
409 349 551 415 hiemem
579 347 664 413 siout
691 346 793 412 aliubi
821 346 991 433 obscurae,
1020 349 1145 414 aestate

124 439 265 522 lucidae,
295 439 382 524 quod
408 458 467 523 per
493 437 527 502 id
554 439 685 522 tempus
713 435 780 500 iam
809 456 844 500 se
871 434 969 501 altius
997 434 1145 520 evehens,

124 549 322 614 quamquam
344 527 414 612 ipse
436 547 504 591 non
526 529 686 608 cernatur,
707 523 817 590 vioino
839 527 952 590 tamen
974 523 1145 610 splendore

126 616 278 701 proxima
303 615 472 695 inlustrat,
503 636 562 698 per
589 612 771 679 solstitium
798 634 875 678 vero
902 611 1027 698 nullae,
1058 613 1145 698 quod

99 709 199 771 stum
234 705 301 769 iam
334 703 543 769 manifestior
577 723 646 768 non
675 701 839 787 fulgorem
876 700 973 766 modo
1005 701 1062 766 sed
1094 702 1145 768 sui

128 814 252 878 quoque
275 795 403 878 partem
430 792 608 857 maximam
637 792 791 857 ostentat.
837 788 940 875 Talge
967 789 1002 853 in
1025 785 1144 875 Caspio
1164 806 1198 857 58

126 883 211 947 mari
230 881 300 947 sine
320 882 409 947 enltu
427 880 557 964 fertilis,
580 879 669 945 omni
691 879 785 964 fruge
808 899 846 945 ae
863 877 1023 944 fructibus
1047 878 1146 944 abun·

128 971 223 1050 dans,
242 969 298 1035 sed
317 969 417 1035 vieini
434 969 549 1054 populi
568 990 650 1052 quae
670 967 850 1053 gignuntur
869 967 1036 1053 adtingere
1054 967 1145 1033 nefas

128 1061 161 1124 et
192 1081 252 1143 pro
286 1058 459 1144 sacrilegio
491 1057 632 1141 hebent,
668 1057 730 1120 diis
765 1059 883 1141 parata
920 1056 1146 1122 existimantes

87 1163 114 1202 1⁰
128 1146 254 1232 diisque
279 1147 446 1212 servanda.
492 1146 620 1230 aliquot
648 1149 681 1209 et
708 1145 776 1210 illis
800 1145 867 1210 oris
891 1166 972 1229 quas
1001 1144 1146 1210 desertas

126 1235 264 1300 diximus
293 1257 331 1301 ae
354 1257 395 1299 ue
423 1235 571 1299 desertae
599 1233 764 1318 adiacent,
797 1255 877 1318 quas
907 1233 976 1299 sine
1003 1233 1145 1318 propriis

125 1324 312 1388 nominibus
333 1258 507 1406 deythicas
530 1325 657 1388 vocant.

215 1411 268 1475 Ab
295 1410 347 1474 his
375 1411 409 1476 in
432 1409 539 1476 Eoum
567 1432 657 1475 mare
687 1432 801 1476 eureus
828 1410 1020 1495 inflectitur,
1047 1411 1145 1496 inque
1165 1389 1200 1518 ἔξ)

127 1519 219 1563 oram
237 1502 343 1564 terrae
363 1500 542 1583 spectantis
562 1500 731 1564 orientem.
771 1499 915 1582 pertinet
932 1499 1013 1564 haee
1032 1521 1051 1563 a
1071 1497 1145 1585 Sey·
1181 1530 1182 1535 ¹

87 1585 218 1652 athico
240 1587 469 1671 promunturio
494 1587 535 1653 ad
559 1585 675 1653 Colida
696 1586 839 1670 primum
867 1587 1023 1652 obnixos
1049 1585 1147 1673 invia,

126 1674 242 1740 deinde
266 1676 307 1741 ob
331 1675 557 1742 inmanitatem
580 1675 801 1741 habitantium
824 1675 957 1741 insulta.
1003 1673 1147 1761 Scythae

31 1789 36 1800 ¹
126 1767 203 1828 sunt
230 1763 474 1850 Androphagoe
502 1769 536 1830 et
564 1762 678 1850 Sacae,
711 1763 857 1829 distincti
889 1765 1037 1850 regione,
1070 1765 1147 1851 quia

125 1851 204 1916 feris
233 1857 349 1937 scatet,
381 1853 600 1920 inhabitabili.
649 1858 745 1918 vasta
774 1852 889 1919 deinde
920 1853 1040 1920 iterum
1071 1854 1145 1921 looa
1163 1871 1198 1922 60

127 1939 244 2004 beluae
267 1941 440 2026 infestant,
468 1963 570 2026 usque
594 1941 634 2006 ed
656 1946 803 2006 montem
826 1941 910 2006 mari
932 1943 1145 2009 inminentem

84 2028 257 2092 onomius
277 2028 403 2093 Tabim.
443 2030 542 2114 longe
561 2029 602 2093 ab
622 2049 660 2092 eo
675 2028 807 2093 -Taurus
830 2028 1009 2095 adtollitur.
1052 2029 1145 2096 Seres

122 2114 304 2200 intersunt,
328 2137 431 2202 genus
453 2117 587 2200 plenum
609 2116 764 2200 iustitiae,
787 2120 820 2182 et
842 2119 1035 2183 commercio
1059 2119 1145 2204 quod

124 2202 222 2268 rebus
245 2204 280 2268 in
304 2205 480 2271 solitudine
502 2204 625 2270 relictis
645 2204 762 2270 absens
780 2207 909 2292 peragit
926 2207 1146 2274 notissimum.

123 2289 218 2357 India
249 2314 315 2358 non
343 2291 416 2359 Eoo
448 2297 578 2359 tantum
611 2293 763 2378 adposita
795 2294 925 2380 pelago,
962 2296 1019 2361 sed
1052 2300 1085 2362 et
1115 2297 1145 2362 ei
1164 2313 1197 2363 ol

125 2381 211 2464 quod
235 2381 275 2446 ad
299 2381 469 2448 meridiem
493 2386 644 2466 spectans
665 2382 812 2448 Indieum
836 2383 989 2468 diximus,
1013 2390 1046 2448 et
1068 2385 1146 2450 hine

85 2483 113 2524 ’ὁ
127 2467 228 2533 Tauri
250 2470 346 2555 iugis,
369 2471 411 2535 ab
435 2470 601 2535 occidente
626 2468 708 2534 Indo
731 2470 827 2536 finita
848 2474 977 2536 tantum
1001 2473 1147 2556 spatium

125 2555 233 2620 litoris
252 2561 397 2643 oeoupat,
420 2560 579 2642 quantum
602 2579 660 2641 per
684 2558 854 2643 sexaginta
877 2559 946 2624 dies
969 2564 1144 2647 noctesque

125 2644 364 2711 velificantibus
383 2667 497 2712 eursus
516 2649 579 2731 est,
600 2646 649 2711 ita
666 2648 806 2712 multum
825 2670 845 2713 a
862 2649 984 2715 nostris
1004 2650 1144 2718 abducta

198 2827 220 2874 1.
240 2820 354 2875 hiemen
371 2821 399 2876 A
455 2827 479 2878 3.
499 2821 678 2892 quanssquam
696 2825 724 2876 A
778 2827 804 2878 4.
822 2821 950 2892 proxime
969 2824 998 2878 A
1015 2825 1149 2894 proxima

121 2907 143 2945 ro
194 2897 218 2945 ὁ.
229 2889 556 2962 fulgoreAfulgorema
607 2899 630 2948 6.
646 2892 741 2963 talgae
751 2892 792 2946 A¹
802 2909 870 2949 corr.
881 2893 1150 2965 TalgeRes’nolda‘us·

197 2967 221 3015 7.
240 2960 349 3016 fertiles
363 2963 404 3018 A¹
423 2979 492 3019 corr.
507 2961 610 3019 fertilis
628 2981 645 3018 o
717 2969 759 3019 10.
779 2962 890 3032 aliquot
901 2965 943 3019 A¹
957 2981 1025 3021 corr.
1099 2973 1144 3022 13.

124 3045 222 3111 eorum
234 3048 348 3086 recursu
358 3035 384 3088 A
399 3032 489 3088 Eoum
500 3051 576 3090 mare
587 3050 683 3089 aursus
694 3035 849 3090 Piatr'oaaa
904 3041 944 3092 lt.
960 3036 996 3091 ad
1018 3035 1093 3092 oeito
1101 3037 1143 3092 A¹

124 3103 257 3170 apposita
265 3102 307 3156 A¹
320 3101 357 3156 ad
369 3102 469 3158 Colida
477 3104 603 3162 Sebottas
657 3104 799 3160 omnisues
809 3108 837 3160 A
851 3105 887 3160 ob
897 3105 977 3162 nives
1025 3123 1142 3165 ommam

197 3177 238 3226 17.
259 3188 343 3242 sagae
362 3175 390 3228 A
409 3173 497 3229 Sacae
521 3176 648 3233 schottus
721 3182 761 3233 18.
785 3175 972 3234 inhabitabile
995 3180 1023 3233 A
1096 3185 1138 3235 20.

122 3241 273 3298 adtollitur
285 3243 326 3298 A¹
340 3243 482 3300 attollitur
490 3246 532 3300 A²
581 3253 624 3302 22.
634 3247 821 3319 postperagit
838 3249 1015 3305 tnterrtits‘am
1028 3251 1142 3306 sedecim

124 3315 279 3370 litterarum
324 3313 473 3369 notissima
485 3317 513 3370 A
527 3316 707 3373 notissimum
721 3318 852 3375 Soaetm
869 3327 895 3375 et
912 3321 1048 3375 edomuit
1066 3327 1140 3377 onu-

124 3386 280 3441 eedeatibos
351 3391 394 3440 23.
414 3402 448 3440 eo
467 3387 494 3442 A
513 3388 609 3444 Eoos
680 3395 723 3445 24.
743 3390 898 3460 speetatA
918 3409 930 3445 s
952 3391 1049 3446 eotans
1067 3409 1088 3448 a

122 3462 166 3512 tt.
185 3455 251 3512 inde
270 3457 298 3512 A
316 3456 386 3512 Indo
404 3474 425 3514 a
496 3458 577 3514 tanto
596 3459 689 3530 spatio
707 3461 735 3516 A
753 3461 867 3514 tantum
883 3459 1016 3529 spa'um
1029 3479 1053 3513 o.
