2512 3824
167 193 209 257 16
516 186 837 244 romonnumru

166 358 216 420 est
233 353 311 437 Iope
335 355 411 417 ante
436 351 596 417 diluvium
618 355 655 416 ut
677 349 788 415 ferunt
806 349 947 435 condita,
970 350 1027 415 ubi
1050 348 1182 436 Oephea

165 461 320 526 regnasse
339 463 377 507 eo
397 440 492 526 signo
512 441 639 505 accolae
659 439 841 522 adfirmant,
860 438 946 523 quod
958 439 1093 504 titulum
1112 441 1180 506 eius

163 530 341 615 fratrisque
360 528 476 594 Phinei
494 532 620 594 veteres
645 527 802 613 quaedam
825 548 901 592 arae
924 549 997 592 cum
1020 529 1181 614 religione

165 619 307 703 plurima
324 618 480 683 retinent:
500 618 578 702 quin
597 616 697 682 etiam
715 616 763 681 rei
781 615 963 682 celebratae
982 617 1180 684 carminibus

164 729 201 772 ac
223 706 357 789 fabulis,
385 710 596 790 servataeque
619 726 638 769 a
661 705 778 771 Perseo
801 704 1028 770 Andromedae
1055 706 1180 774 clarum
1207 723 1220 763 ⁶

165 796 340 880 vestigium
364 795 508 860 marinae
530 794 646 860 beluae
670 815 745 859 ossa
767 793 912 859 inmania
935 797 1110 860 ostentant.

253 883 439 949 Phoenicen
452 883 670 948 inlustravere
679 882 868 966 Phoenices,
883 882 996 947 sollers
1010 883 1179 949 hominum

164 993 267 1058 genus
291 976 324 1036 et
348 971 389 1036 ad
408 972 487 1036 belli
505 972 659 1055 pacisque
678 970 790 1036 munia
809 970 975 1036 eximium:
998 971 1126 1038 litteras
1146 976 1179 1038 et

163 1061 346 1125 litterarum
365 1080 480 1144 operas
505 1060 650 1145 aliasque
669 1060 769 1124 etiam
793 1064 889 1143 artes,
912 1059 1016 1124 maria
1038 1061 1177 1127 navibus

164 1149 266 1232 adire,
294 1149 397 1213 classe
425 1149 612 1235 confligere,
638 1149 759 1233 inperit
760 1169 814 1212 are
842 1168 906 1233 gen
907 1148 1010 1232 tibus,
1040 1169 1178 1234 regnum
1192 1166 1219 1206 1⁰

109 1255 144 1304 66
163 1237 386 1320 proeliumque
410 1237 582 1303 conmenti.
628 1238 663 1301 in
686 1257 724 1301 ea
747 1240 798 1301 est
821 1240 855 1301 et
877 1235 981 1320 Tyros
1005 1237 1178 1322 aliquando

162 1325 279 1412 insula,
301 1347 388 1389 nunc
411 1325 536 1390 adnexa
554 1326 650 1390 terris
670 1324 786 1409 deficit,
810 1325 896 1427 quod
915 1325 985 1390 ab
975 1331 1178 1410 repugnante

162 1395 325 1497 quondam
343 1413 558 1480 Alexandro
548 1417 614 1479 ract
615 1436 634 1478 a
653 1435 759 1497 opera.
805 1413 869 1479 vici
887 1416 1001 1479 tenent
1019 1414 1070 1480 ult
1055 1416 1178 1481 teriora

162 1506 196 1566 et
214 1501 319 1567 adhuc
337 1503 471 1586 opulent
472 1524 492 1567 a
510 1501 619 1586 Sidon,
642 1506 701 1567 ant
702 1523 818 1586 equam
837 1524 856 1566 a
874 1501 983 1567 Persis
1007 1507 1177 1587 caperetur

108 1608 142 1656 67
162 1591 400 1656 maritimarum
414 1591 545 1656 urbium
560 1591 711 1657 maxima.
747 1591 788 1656 ab
804 1612 842 1655 ea
857 1590 898 1655 ad
910 1593 1175 1674 promunturium
1190 1607 1216 1648 1⁶

162 1678 420 1763 Theuprosopon
439 1679 502 1745 duo
517 1683 594 1745 sunt
613 1678 733 1763 oppida
745 1678 869 1744 Bubloa
889 1682 923 1744 et
935 1677 1070 1763 Botrys:
1088 1681 1175 1744 ultra

161 1767 227 1831 tria
253 1767 383 1831 fuenmt
410 1768 547 1850 singulis
576 1769 662 1832 inter
689 1789 723 1832 se
746 1768 860 1832 stadiis
885 1767 1054 1850 distantia3
1082 1767 1171 1832 locus

162 1875 201 1918 ex
222 1875 357 1919 numero
380 1855 522 1938 Tripolis
546 1855 671 1920 dicitur.
706 1858 776 1921 tum
799 1854 929 1941 Simyra
951 1855 1118 1920 castellum
1142 1859 1175 1920 et

107 1960 142 2010 66
161 1943 239 2007 urbs
267 1964 334 2008 non
362 1944 501 2008 obseura
527 1942 705 2010 Marathos.
751 1944 824 2009 inde
853 1945 920 2010 iam
947 1965 1012 2009 non
1039 1944 1175 2030 obliqua

159 2032 278 2118 pelago
303 2032 358 2097 sed
382 2032 519 2098 adversa
541 2032 692 2099 adiacens
712 2031 793 2098 Asia
816 2032 972 2118 grandem
995 2033 1104 2098 sinum
1126 2034 1175 2097 in·
1188 2048 1214 2090 ιο

160 2120 242 2185 flexo
265 2123 374 2186 tractu
392 2120 499 2187 litoris
523 2121 649 2206 accipit.
694 2122 808 2204 populi
827 2120 911 2186 dites
930 2121 1174 2206 circumsident3

160 2208 243 2272 situs
262 2208 375 2273 efficit:
398 2211 474 2294 quia
492 2211 584 2294 regio
602 2209 721 2274 fertilis
740 2209 861 2272 crebris
880 2210 914 2272 et
931 2172 1174 2293 navigabilibus

160 2295 261 2362 alveis
284 2297 453 2363 fluminum
471 2297 583 2382 pervia
605 2297 748 2363 diversas
767 2315 844 2379 opes
867 2295 966 2360 maris
990 2300 1087 2380 atque
1110 2301 1174 2361 ter·

107 2403 140 2452 ce
158 2407 268 2450 rarum
295 2385 387 2452 facili
415 2388 608 2452 commercio
634 2387 801 2488 permutat
829 2404 867 2449 ac
893 2384 1018 2448 miscet
1067 2384 1103 2460 in
1135 2407 1173 2452 eo

158 2475 265 2557 prima
283 2479 334 2539 est
352 2475 479 2560 reliqua
492 2497 567 2558 pars
583 2474 694 2558 Syriae
713 2495 766 2539 cur
756 2471 848 2537 Ant
833 2472 973 2539 tiochiae
993 2493 1174 2559 cognomen
1188 2490 1214 2531 ιδ

160 2561 302 2640 additur,
330 2564 395 2628 et
385 2586 421 2628 m
448 2585 506 2628 ora
530 2564 598 2628 eius
621 2564 719 2628 urbes
743 2561 899 2664 Seleucia,
927 2561 1091 2646 Hypatos,
1113 2561 1173 2628 Be-

158 2653 265 2733 rytos,
287 2649 459 2734 Laodicea,
486 2650 606 2735 Rosos,
634 2673 808 2737 amnesque
832 2652 887 2736 qui
909 2650 1072 2715 intereas
1096 2655 1173 2715 eunt

129 2736 265 2822 Lycos
289 2740 322 2803 et
344 2737 495 2824 Hypatos
520 2740 553 2802 et
575 2738 728 2805 Orontes·
755 2744 827 2804 tum
851 2761 944 2804 mons
968 2737 1115 2803 Amanus
1139 2743 1173 2803 et

159 2826 200 2891 ab
225 2829 319 2892 eost
288 2826 400 2892 statim
423 2825 689 2910 Myriandroset
674 2791 840 2894 tSilices.

246 2914 325 2981 Aa·
315 2937 350 2980 ιιι
373 2937 501 2980 recessu
524 2915 640 2982 intimo
665 2917 755 2982 locus
779 2919 830 2982 cst
856 2915 969 2999 magni
998 2915 1171 2999 aliquando
1186 2932 1213 2973 ³⁰

106 2971 372 3089 ⁷⁰discriminis,
400 3004 546 3071 susorum
574 3005 615 3070 ab
638 3004 823 3071 Alexandro
846 3004 1021 3069 Persarum
1045 3004 1172 3089 fugien-

157 3249 198 3302 A
230 3185 254 3232 1.
273 3176 386 3259 <est')
350 3183 442 3304 il>²⁰pe
461 3179 655 3306 qtffittcrtqq
643 3196 675 3234 aa
692 3196 747 3303 cqc.
767 3179 845 3306 clalcldt
861 3178 913 3250 ΑΒ)
956 3184 1010 3305 Ap.
1035 3177 1172 3304 mqtonnae

156 3265 357 3388 peridlaahldah¹
377 3319 507 3391 imperita
519 3267 605 3375 teuit*
622 3265 701 3376 veles.
705 3251 942 3445 adplrohbpiddehe
950 3266 1174 3390 Τιι6ιιριοιιιιιιιιι

158 3389 710 3532 Piatqqmpmpuqoiyqosssuploscmpa
772 3390 1173 3458 athrosABotrysBarboras
