2512 3824
140 180 184 244 46
488 178 668 236 POMPONII
686 178 811 234 MELAE

141 342 273 428 grandis
297 346 330 407 et
353 341 491 407 subinde
518 342 674 428 grandior
696 342 784 406 inter
805 340 927 408 Volcae
956 345 989 406 et
1012 340 1157 410 Cavares

87 447 121 496 80
141 432 310 495 emittitur.
343 431 430 496 ultra
448 434 524 496 sunt
542 434 661 516 stagna
679 429 866 514 Volcarum,
883 429 1007 495 Ledam
1025 431 1157 518 flumen,

140 519 309 584 castellum
332 519 468 603 Latara,
495 518 609 584 Mesua
636 519 730 583 collis
754 519 914 584 incinctus
941 520 1025 584 mari
1053 541 1157 603 paene

138 607 294 693 undique,
316 631 354 674 ac
376 610 442 674 nisi
465 607 551 693 quod
575 611 715 692 angusto
744 627 865 692 aggere
893 609 1075 673 continenti
1099 609 1156 675 ad·

137 697 280 763 nectitur
307 697 424 762 insula.
475 701 546 761 tum
574 718 614 760 ex
642 693 802 761 Oebennis
832 695 990 761 demissus
1018 697 1182 763 Araurisr

85 803 118 852 81
139 785 231 850 iuxta
244 785 410 871 Agathan,
428 785 604 850 secundum
617 783 771 850 Beterras
785 782 883 849 Orbis
898 785 979 849 fluit.
1012 785 1102 850 Atax
1116 808 1157 852 ex

137 872 304 958 Pyrenaeo
327 878 437 939 monte
460 874 641 959 degressus,
665 895 730 957 qua
747 874 798 938 sui
820 872 923 938 fontis
942 874 1035 956 aquis
1054 875 1155 956 venit,

137 963 273 1048 exiguus
301 963 466 1047 vadasque
494 965 557 1044 est,
590 965 623 1026 et
650 961 717 1026 iam
744 962 888 1045 ingentis
916 961 1039 1046 alioqui
1067 963 1156 1029 alvei

135 1054 249 1116 tenens
279 1050 344 1115 nisi
376 1051 434 1116 ubi
464 1049 655 1117 Narbonem
692 1049 834 1133 adtingit
865 1071 1026 1134 nusquam
1062 1051 1154 1117 nari·

136 1139 265 1223 gabilis,
289 1137 346 1204 sed
368 1161 441 1205 oum
463 1139 610 1204 hibernis
629 1138 786 1203 intumuit
808 1138 968 1203 imbribus
987 1161 1090 1223 usque
1114 1161 1152 1206 eo
1166 1163 1194 1205 ro

135 1226 251 1292 solitus
274 1227 443 1312 insurgere
466 1232 503 1293 ut
526 1249 560 1292 se
583 1227 654 1311 ipse
676 1249 743 1292 non
761 1227 878 1310 capiat.
923 1228 1013 1292 lacus
1032 1227 1153 1312 accipit

135 1335 209 1379 eum
231 1315 419 1381 Rubraesus
442 1316 584 1381 nomino·
598 1316 765 1400 spatiosus
789 1314 978 1400 admodum,
1008 1316 1065 1382 sed
1088 1337 1153 1400 qua

81 1421 114 1470 82
134 1424 224 1468 mare
248 1403 394 1469 admittit
416 1404 524 1470 tenuis
548 1404 647 1468 aditu.
692 1404 780 1468 ultra
803 1407 853 1469 est
876 1403 1019 1471 Leucata
1041 1405 1150 1471 litoris

132 1513 252 1558 nomen
280 1496 313 1559 et
336 1491 485 1559 Salsulae
507 1492 596 1577 fons,
623 1514 690 1558 non
713 1492 862 1558 dulcibus
885 1493 978 1577 aquis
1007 1493 1150 1560 defluens

133 1581 190 1645 sed
209 1581 398 1648 salsioribus
413 1583 514 1648 etiam
527 1603 626 1667 quam
640 1582 785 1646 marinae
800 1584 891 1665 eunt3
909 1582 1001 1646 iuxta
1015 1603 1149 1666 campus
1164 1603 1190 1646 re

131 1670 258 1735 minuta
275 1670 456 1736 harundine
475 1671 652 1756 gracilique
670 1670 853 1754 perviridis,
871 1673 1016 1735 ceterum
1031 1674 1149 1756 stagno

133 1759 290 1823 subeunte
319 1781 503 1843 suspensus.
553 1759 588 1822 id
617 1758 807 1823 manifestat
833 1758 941 1823 media
971 1781 1049 1842 pars
1077 1760 1149 1824 eius

132 1867 214 1930 quae
238 1847 383 1912 abscissa
400 1847 557 1931 proximis
582 1847 672 1912 velut
693 1845 803 1912 insula
819 1851 922 1930 natat,
945 1848 1090 1932 pellique
1113 1869 1150 1914 se

77 1952 111 2001 83
131 1937 230 2018 atquc
252 1935 384 2002 adtrahi
406 1936 541 2020 patitur.
587 1935 666 2020 quin
685 1939 718 2000 et
741 1957 780 2000 ex
802 1934 957 2020 hisquae
981 1937 1023 2001 ad
1045 1937 1149 2002 imum

129 2023 279 2108 perfossa
307 2028 383 2090 sunt
406 2025 564 2090 suffusum
587 2045 677 2089 mare
700 2023 891 2092 ostenditur.
935 2024 1022 2090 unde
1049 2023 1145 2091 Grais
1159 2046 1187 2089 ao

128 2113 314 2196 nostrisque
350 2114 450 2178 etiam
487 2114 674 2178 auctoribus
681 2164 691 2198 ,
730 2113 841 2177 verine
881 2113 1070 2198 ignorantia
1106 2136 1149 2180 arr

128 2200 342 2282 prudentibus
370 2202 470 2265 etiam
497 2201 658 2266 mendacii
685 2201 832 2266 lubidine
863 2201 970 2267 visum
997 2205 1049 2266 est
1080 2204 1147 2266 tra-

128 2287 202 2352 dere
234 2288 389 2373 posteris,
421 2289 517 2354 inea
543 2290 679 2374 regione
705 2290 829 2373 piscem
856 2312 873 2355 e
901 2293 988 2356 terra
1013 2289 1146 2373 penitus

129 2377 210 2461 erui,
243 2376 329 2462 quod
360 2378 416 2443 ubi
444 2399 483 2443 ex
511 2378 579 2443 alto
612 2378 779 2463 hucusque
807 2378 989 2462 penetravit
1016 2397 1074 2462 per
1106 2399 1146 2444 ea

75 2482 110 2532 84
127 2464 291 2531 foramina
312 2466 380 2532 ictu
403 2467 606 2552 captantium
629 2467 819 2532 interfectus
839 2467 1027 2533 extrahitur.
1071 2466 1187 2532 indere

128 2558 179 2617 est
207 2576 265 2619 ora
293 2553 476 2623 Sordonum
508 2560 542 2621 et
568 2577 671 2639 parva
701 2555 836 2621 flumina
863 2555 951 2621 Telis
984 2560 1019 2621 et
1049 2555 1147 2637 Ticis,

127 2641 185 2706 ubi
212 2643 381 2708 adcrevere
413 2666 583 2728 persacra,
615 2645 744 2710 colonia
770 2643 928 2723 Ruscino,
959 2645 1049 2710 vicus
1075 2644 1146 2710 Eli·

127 2730 256 2815 berrae,
287 2753 425 2817 magnae
453 2733 616 2817 quondam
643 2735 734 2799 urbis
761 2737 795 2798 et
824 2753 1018 2818 magnarum
1045 2746 1145 2816 opum

131 2823 229 2884 tenue
262 2821 446 2906 vestigium.
499 2825 570 2886 turn
606 2821 692 2887 inter
723 2821 883 2905 Pyrenaei
918 2820 1145 2908 promunturia

198 3036 224 3085 4.
239 3036 263 3085 h.
278 3029 440 3086 adnectitur
452 3030 494 3084 A¹
507 3029 667 3085 annectitur
680 3029 721 3084 A²
775 3036 800 3085 ὁ.
815 3029 944 3084 demissis
958 3031 986 3084 A
1036 3030 1145 3085 arausis

34 3100 41 3106 '
125 3101 153 3154 A
179 3100 294 3155 Arauris
326 3101 438 3158 Vossius
515 3107 539 3156 6.
568 3101 710 3156 achathan
737 3102 765 3156 A
788 3101 921 3170 Agathan
944 3101 1072 3158 sebae

125 3177 150 3227 ’1.
179 3171 321 3242 digressas
348 3173 376 3226 A
458 3188 514 3240 qua
540 3171 570 3225 ui
596 3173 624 3226 A
656 3188 712 3240 qua
740 3172 783 3226 sui
814 3172 959 3228 Vedianas
1040 3177 1065 3226 9.
1093 3171 1141 3224 ad·

124 3242 213 3313 tingit
239 3244 280 3297 A¹
312 3243 430 3314 attingit
446 3242 501 3296 0A²
588 3249 630 3298 14.
663 3243 766 3298 salsule
797 3244 826 3296 A
913 3250 955 3300 16.
983 3239 1141 3298 harundine

124 3314 165 3368 A¹
192 3331 262 3370 corr.
336 3321 377 3370 19.
405 3313 518 3370 adtrahi
545 3313 587 3368 A¹
614 3313 721 3368 attrahi
746 3313 788 3371 Α*
860 3321 902 3370 22.
929 3312 1085 3369 mendaciis
1113 3314 1143 3367 A

196 3391 238 3442 25.
263 3385 437 3456 caplantium
459 3385 487 3440 A
510 3383 685 3455 captantium
702 3402 723 3440 cc
794 3391 837 3441 27.
857 3385 1006 3441 adcrevere
1029 3384 1072 3438 A¹
1095 3400 1142 3439 ac·

139 3470 237 3510 revere
255 3455 296 3510 A’
371 3464 412 3513 22.
431 3455 627 3528 promunturia
645 3456 685 3510 ΑἿι
704 3456 898 3527 promuntoria
914 3455 956 3510 A'
