2512 3824
136 169 179 234 52
481 165 661 223 POMPONII
679 166 804 223 MELAE

136 326 241 398 Ulixis
278 328 409 395 nomine
446 327 561 393 Ithaca
597 329 737 393 maxime
773 329 937 414 inlustris3
980 330 1015 394 in
1050 329 1153 413 Epiro

135 418 320 486 Echinades
354 420 386 482 et
418 417 495 480 olim
527 417 644 482 Plotae
673 439 759 482 nunc
792 416 1003 501 Strophades3
1040 422 1155 484 contra

136 506 348 572 Ambracium
367 505 474 570 sinum
491 503 663 588 Leucadia,
685 508 719 569 et
740 506 846 572 vicina
864 505 1052 571 Hadriatico
1071 507 1156 571 mari

137 595 288 680 Corcyra.
332 593 395 658 hae
417 593 581 660 Thracum
607 591 842 678 Graiorumque
869 595 966 658 terris
995 593 1155 660 obiacent.

77 701 127 751 111
139 688 173 750 at
195 683 332 749 interius
350 681 464 759 Melos,
488 682 634 766 Olearos,
652 680 791 767 Aegilia,
811 681 949 765 Cothon,
971 682 1037 765 Ius,
1059 682 1180 767 Thiae

138 773 260 857 Thera,
283 771 424 855 Gyaros,
452 768 623 856 Hippuris,
649 769 799 856 Donysa,
827 769 987 856 Cythnos,
1015 769 1156 856 Chalcis,

137 861 256 945 Icaria,
284 858 419 943 Cinara,
440 857 593 944 Nisyros,
616 858 810 940 Lebinthos,
838 857 1024 944 Calymnia,
1048 857 1156 942 Syme.

137 951 200 1016 hae
216 949 293 1034 quia
307 948 472 1033 dispersae
487 951 563 1013 sunt
577 947 747 1031 Sporades,
761 952 796 1012 at
805 946 898 1032 Ceos,
909 945 1046 1030 Sisines,
1059 945 1155 1031 Siph-

138 1061 209 1123 nos,
228 1036 394 1121 Seriphos,
411 1035 555 1122 Rhenes,
577 1036 689 1120 Paros,
710 1036 879 1122 Myconos,
903 1035 1012 1121 Syros,
1036 1035 1155 1120 Tenos,

140 1126 262 1211 Naxos,
285 1124 394 1210 Delos,
418 1124 548 1190 Andros
572 1125 649 1210 quia
670 1125 706 1190 in
729 1126 841 1191 orbem
863 1127 972 1190 iacent
995 1123 1153 1209 Cyclades
1168 1145 1195 1184 rc

78 1232 130 1281 112
141 1215 254 1279 dictae.
292 1235 389 1298 super
407 1235 461 1278 eas
480 1215 546 1278 iam
564 1214 600 1278 in
617 1213 723 1279 medio
742 1215 826 1279 mari
843 1215 960 1300 ingens
980 1217 1013 1279 et
1027 1216 1157 1278 centum

141 1302 303 1389 quondam
321 1302 456 1366 urbibus
479 1302 630 1368 habitate
648 1301 743 1369 Crete
766 1303 811 1369 ad·
829 1303 986 1368 orientem
1004 1323 1158 1386 promun-

139 1391 261 1456 turium
289 1388 478 1456 Samonium
510 1390 551 1455 ad
583 1391 781 1456 occidentem
814 1389 892 1457 Criu
924 1394 1079 1475 metopon
1111 1391 1158 1455 in-

141 1480 254 1562 mittit,
275 1479 340 1544 nisi
363 1479 469 1546 maior
492 1482 590 1564 esset,
614 1477 716 1565 Cypri
739 1480 864 1564 similis,
888 1480 999 1544 multis
1022 1479 1160 1564 famige-

140 1572 214 1635 rata
235 1567 368 1653 fabulis,
390 1568 532 1634 adventu
549 1567 710 1653 Europae,
732 1568 914 1653 Pasiphaae
937 1571 971 1633 et
992 1566 1157 1633 Ariadnae
1171 1585 1198 1628 rs

143 1657 317 1740 amoribus,
340 1656 518 1722 Minotauri
536 1657 666 1722 feritate
684 1657 826 1742 fatoque,
849 1656 987 1721 Daedali
1006 1656 1158 1740 operibus

144 1750 177 1811 et
198 1746 286 1830 fuga,
308 1745 381 1809 Tali
405 1746 545 1810 statione
569 1749 667 1829 atque
690 1750 804 1829 morte,
827 1745 966 1810 maxime
985 1747 1097 1809 tamen
1119 1766 1158 1809 eo

144 1834 230 1918 quod
253 1834 300 1898 ibi
324 1833 444 1917 sepulti
462 1833 551 1898 Iovis
573 1855 677 1918 paene
705 1835 827 1898 clarum
846 1833 1032 1919 vestigium,
1055 1833 1161 1916 sepul-

144 1944 234 1988 crum
248 1921 300 1986 cui
313 1942 432 1986 nomen
451 1922 520 1986 eius
539 1921 737 2006 insculptum
756 1925 807 1986 est
825 1923 956 1988 adcolae
975 1921 1161 1986 ostendunt

84 2029 133 2078 113
143 2011 274 2077 urbium
292 2009 483 2077 notissimae
497 2009 651 2096 Cnossos,
670 2009 826 2096 Gortyna,
844 2010 974 2096 Lyctos,
992 2008 1159 2094 Lycastos,
1173 2029 1200 2071 se

144 2100 322 2185 Olopyxos,
349 2099 554 2184 Therapnae,
585 2098 751 2183 Cydonea,
779 2099 961 2183 Moratusa,
989 2097 1161 2183 Dictynna.

145 2188 230 2253 inter
253 2187 352 2252 eolles
377 2188 462 2270 quod
484 2189 531 2251 ibi
553 2189 715 2253 nutritum
738 2188 850 2253 Iovem
873 2187 1054 2271 accepimus
1073 2187 1161 2251 fama

85 2293 137 2342 114
145 2275 235 2340 Idaei
249 2275 370 2340 montis
385 2275 523 2341 excellit.
547 2275 638 2341 iuxta
652 2280 703 2342 est
716 2273 924 2361 Astypalaea,
942 2275 1161 2360 Naumachos,

147 2363 305 2448 Zephyre,
329 2361 465 2449 Chryse,
493 2361 622 2429 Caudos
646 2367 679 2429 et
707 2387 787 2449 quas
809 2363 1003 2450 Musagorus
1026 2385 1160 2429 numero
1193 2440 1198 2447 ι
1232 2420 1235 2425 ,

219 2528 243 2576 1.
262 2501 391 2576 inlustris
410 2520 452 2574 A¹
469 2519 589 2575 illustris
608 2518 648 2574 A*
726 2525 751 2575 5.
777 2519 879 2590 aegina
897 2521 924 2574 A
947 2518 1060 2590 Aegilia
1077 2537 1097 2575 cc

149 2590 298 2671 cothonips
312 2592 341 2645 A
355 2590 474 2658 Cothon,
493 2592 539 2646 Ius
558 2591 658 2660 scripsi
711 2597 736 2646 5.
752 2597 776 2646 6.
790 2591 916 2660 thyatira
931 2591 959 2646 A
974 2589 1054 2657 Thia,
1069 2591 1163 2646 Thera

150 2661 262 2717 Vossius
316 2670 340 2717 6.
361 2661 491 2730 dionysia
504 2662 533 2715 A
546 2661 662 2730 Donysa
679 2661 824 2719 Vedianas
877 2678 980 2731 cyanos
995 2662 1022 2715 A
1037 2660 1162 2730 Cythnos

148 2732 313 2788 Reirroldius
362 2731 467 2785 calchis
486 2733 514 2786 A
587 2731 730 2802 apinae
747 2732 775 2786 A
794 2733 895 2788 Cinara
911 2751 932 2789 rc
985 2731 1114 2801 nyspiros
1134 2732 1163 2786 A

147 2802 300 2872 Nisyrosc
354 2801 497 2858 libenthos
511 2802 539 2856 A
553 2801 708 2858 Lebinthos
724 2803 878 2859 Pictiarrus
928 2801 1051 2872 cemynis
1065 2817 1162 2870 asyme

148 2874 176 2928 A
194 2873 352 2942 Calymnia,
376 2873 458 2942 Syme
481 2873 594 2929 Vossius
665 2878 690 2929 8.
710 2874 795 2929 aheos
814 2875 842 2928 A
860 2877 890 2929 at
908 2874 979 2930 Ceos
997 2874 1096 2944 scripsi

148 2946 261 3071 gicylrlros
275 2944 303 2998 A
309 2943 422 3070 Aiiilloe
437 2944 613 3070 ΙίειζῆιθοὲἀέαιεΙ
639 2949 664 2999 8.
675 2951 699 3002 9.
714 2943 833 3070 sipara}
840 2945 876 3068 dd
882 2944 1003 3015 Siphnos
1017 2944 1128 3000 Vossius

149 3031 467 3154 militarat?
477 3093 518 3141 13.
530 3016 738 3142 ,tilieti
739 3032 813 3143 ⁰⁰lt.
824 3031 1164 3157 ,trististristis

149 3159 249 3228 scripsi
327 3163 368 3212 17.
392 3156 490 3228 fugata
518 3156 548 3210 in
575 3157 603 3211 A
630 3155 710 3226 fuga,
739 3156 803 3212 Tali
828 3157 982 3214 Piraticruss
1060 3163 1163 3212 18.19.

150 3226 597 3353 ⁸⁶i¹¹¹⁰¹¹fflll²⁴itet¹¹tt⁰t²⁹
629 3227 1166 3355 lassiaisseras

150 3316 179 3354 el
211 3317 263 3426 ⁵⁶23.
283 3315 433 3438 astyclaii
452 3315 628 3440 Astypalaei.)
638 3316 788 3426 PiretiCncs
860 3376 901 3426 24.
921 3317 1003 3442 gdyse
1017 3369 1045 3423 A
1060 3369 1165 3438 Chryse

150 3456 166 3494 e
237 3439 342 3494 raudos
360 3440 401 3493 A¹
420 3439 523 3496 candos
542 3438 582 3494 A*
