2512 3824
399 179 676 239 unumunurn
695 184 822 252 (44-44)
1080 184 1125 249 65
1221 244 1224 249 .

99 347 286 429 iterumque
309 365 368 428 per
387 364 518 427 campos
541 345 660 410 tacitus
683 348 717 410 et
739 344 794 409 vix
811 343 915 410 fluens
938 345 973 410 in
991 345 1025 410 id
1043 347 1123 413 litus

100 433 278 505 elabitur.f
305 429 409 516 Cyrus
438 437 471 498 et
499 431 679 518 Cambyses
712 454 752 497 ex
781 432 944 498 radicibus
972 431 1124 502 Coraxici
1142 450 1177 499 41

100 521 225 590 montis
247 520 362 586 vicinis
381 520 526 587 fontibus
545 521 625 586 editi
647 521 682 586 in
701 519 830 587 diversa
849 522 980 606 abeunt,
1002 544 1123 609 perque

100 610 244 678 Hiberas
268 614 302 675 et
318 607 489 694 Hyrcanos
513 608 572 674 diu'
587 614 621 675 et
639 610 780 675 multum
803 609 1001 677 distantibus
1020 613 1123 678 alveis

72 699 264 782 sdefluunt,
291 702 368 782 post
394 718 460 762 non
482 697 580 783 longe
609 720 628 763 a
655 698 740 763 mari
762 698 876 764 eodem
902 700 976 765 lacu
999 702 1124 785 accepti

100 788 138 855 in
154 785 357 872 Hyrcanium
380 786 487 851 sinum
505 808 572 851 uno
596 807 652 851 ore
669 787 873 940 perveniunt.
918 786 1065 854 Iaxartes
1089 793 1123 854 et
1143 804 1178 854 42

101 875 193 944 Oxos
214 896 274 960 per
297 874 426 940 deserta
444 873 597 960 Scythiae
618 896 657 940 ex
699 875 916 961 ugdianorum
934 877 1124 963 regionibus

102 965 138 1030 in
161 961 351 1049 Scythicum
374 966 504 1048 exeunt,
531 963 589 1028 illa
617 985 676 1030 suo
704 963 795 1030 fonte
819 964 966 1048 grandis,
993 965 1046 1031 hic
1074 967 1124 1031 in-

102 1074 198 1120 cursu
221 1051 362 1117 aliorum
380 1051 546 1136 grandior,
567 1055 601 1117 et
623 1052 822 1136 aliquamdiu
845 1053 886 1119 ad
908 1074 1059 1119 occasum
1082 1056 1124 1120 ab

61 1141 229 1208 moriente
248 1161 420 1206 occurrens
442 1140 535 1205 iuxta
551 1139 665 1206 Dahas
685 1141 828 1225 primum
845 1141 1031 1227 inflectitur,
1054 1164 1125 1209 cur-

102 1251 205 1314 suque
232 1228 274 1294 ad
307 1228 562 1313 septentrionem
595 1250 751 1295 converso
783 1230 870 1296 inter
897 1229 1058 1297 Amardos
1091 1236 1125 1297 et

101 1317 253 1384 Paesioas
278 1339 314 1384 os
338 1317 452 1401 aperit.
500 1317 600 1383 silvae
624 1318 690 1383 alia
716 1339 845 1403 quoque
869 1319 941 1385 dira
965 1320 1124 1386 animalia
1142 1334 1177 1384 43

101 1427 215 1474 rerum
253 1410 287 1470 et
322 1406 425 1491 tigres
461 1404 570 1471 ferunt
604 1407 718 1491 utique
750 1406 953 1492 Hyrcaniae,
990 1429 1124 1474 saevum

101 1494 247 1562 ferarum
279 1515 385 1581 genus
417 1497 451 1559 et
482 1515 585 1578 usque
599 1582 606 1595 .
621 1516 660 1559 ao
693 1495 823 1579 pernix,
857 1499 897 1597 ut
928 1495 994 1561 illis
1026 1496 1124 1582 longe

63 1599 90 1642 ¹⁶
103 1598 507 1755 {Subututtu
531 1585 867 1736 {efflauit
881 1587 1124 1756 &bittit

103 1760 179 1827 inde
206 1759 346 1845 repetito
371 1759 504 1825 solitum
531 1762 564 1824 et
590 1759 686 1826 facile
714 1759 766 1826 sit.
811 1782 911 1826 causa
938 1782 978 1826 ex
1001 1782 1038 1827 eo
1063 1766 1124 1846 est,

105 1847 192 1935 quod
219 1848 276 1914 ubi
301 1848 359 1913 ille
386 1849 586 1932 interceptos
615 1871 727 1914 earum
755 1849 880 1916 catulos
904 1849 988 1916 citus
1017 1851 1126 1935 coepit

107 1935 253 2020 avehere,
272 1938 305 2002 et
323 1936 449 2002 rabiem
468 1936 796 2021 adpropinquantium
816 1941 890 2002 astu
907 1936 1124 2004 frustraturus

65 2042 208 2089 rounam
230 2024 269 2089 de
291 2025 439 2109 pluribus
463 2024 589 2108 omisit,
615 2024 677 2090 hae
700 2025 879 2110 proiectum
903 2025 1070 2109 excipiunt
1092 2032 1126 2092 ct

107 2110 150 2177 ad
172 2111 292 2178 cubilia
310 2135 369 2178 sua
390 2111 544 2192 referrmt,
565 2134 759 2198 rursumque
778 2117 811 2178 et
830 2113 958 2198 saepius
977 2118 1126 2181 remeant

106 2203 204 2286 atque
221 2201 307 2266 idem
326 2201 481 2286 efficiunt,
499 2201 601 2267 donec
619 2203 661 2267 ad
677 2202 901 2288 frequentiora
919 2225 1017 2288 quam
1036 2203 1126 2269 adire

106 2288 248 2355 audeant
266 2289 425 2374 profugus
443 2293 557 2375 raptor
576 2290 701 2356 evadat
732 2292 821 2356 ultra
840 2288 998 2376 Caspium
1017 2292 1124 2357 sinum
1142 2308 1178 2357 44

106 2377 261 2464 quidnam
280 2383 366 2444 esset
384 2379 576 2462 ambiguum
594 2379 794 2463 aliquamdiu
811 2378 885 2463 fuit,
907 2379 1035 2443 idemne
1054 2401 1125 2445 oce·

65 2481 94 2524 ¹⁶
108 2488 188 2532 anus
212 2489 256 2532 44
277 2467 378 2532 tellus
400 2465 520 2531 infesta
541 2466 720 2551 frigoribus
749 2467 819 2531 sine
843 2467 970 2531 ambitu
993 2489 1032 2532 ac
1055 2467 1125 2533 sine

106 2554 171 2621 fine
206 2555 362 2640 proiecta
422 2554 479 2619 sed
520 2558 650 2638 praeter
689 2554 844 2640 physicos
884 2553 1127 2643 Homerumque
1144 2570 1180 2622 44

106 2643 295 2710 universum
337 2643 450 2708 orbem
491 2643 575 2708 mari
615 2643 847 2710 circumfusum
884 2665 955 2710 esse
996 2644 1127 2712 &ssent

107 2728 279 2798 Cornelius
303 2729 415 2817 Nepos
442 2733 480 2796 ut
501 2732 677 2819 recentior,
704 2734 898 2801 auctoritate
922 2734 969 2800 sic
994 2735 1126 2818 certior3

179 2963 206 3010 2.
221 2957 326 3010 corxiei
335 2959 362 3012 A
373 2957 501 3013 Coraxici
513 2975 534 3014 a
588 2960 696 3016 aediti
710 2962 739 3015 et
751 2961 782 3014 in
791 2960 819 3014 A
833 2958 904 3014 editi
918 2957 949 3012 in
963 2957 1127 3016 Otaccouiuc

143 3030 170 3080 4.
182 3024 334 3093 hyrcanios
344 3029 372 3082 A
381 3028 555 3096 Hyrcanoso
593 3038 617 3086 6.
632 3032 752 3085 Iaxartes
762 3030 789 3085 A
830 3036 854 3084 6.
867 3035 892 3086 7.
907 3031 937 3085 et
949 3048 1001 3101 per
1014 3030 1127 3085 deserta

110 3094 238 3165 scythiae
257 3112 325 3151 oxos
343 3098 385 3152 A¹
404 3100 434 3153 et
452 3114 519 3154 oxos
537 3116 589 3170 per
607 3101 720 3156 deserta
737 3099 865 3168 scythiae
878 3099 919 3156 A¹
975 3107 1000 3158 ⁷.
1019 3101 1128 3156 4444114-

108 3183 209 3222 norum
227 3167 256 3222 A
275 3167 481 3237 Sugdianorum
499 3170 665 3228 Retrtohta‘ue
736 3178 761 3227 9.
781 3170 967 3246 aliquanssdiu
983 3173 1011 3228 A
1084 3179 1126 3227 12.

109 3238 203 3309 aperit
220 3238 263 3293 A¹
286 3238 411 3309 aperitur
429 3239 469 3294 A¹
543 3248 584 3297 19.
604 3241 892 3313 adpropinquantium
914 3243 956 3297 A¹
974 3242 1127 3314 appropin-

110 3309 257 3378 quantium
279 3310 321 3365 A’
392 3317 434 3366 20.
455 3311 566 3366 omissis
584 3313 613 3368 A
636 3312 733 3368 omisit
754 3330 775 3368 a
847 3319 890 3368 21.
913 3317 1077 3369 remaneant
1098 3315 1127 3368 A

109 3383 278 3438 remeante
350 3388 393 3438 22.
412 3383 442 3436 at
462 3399 497 3436 ue
515 3383 557 3438 A¹
579 3399 647 3440 corr.
720 3391 764 3439 24.
783 3382 966 3456 aliquanssdiu
983 3384 1011 3439 A
1083 3391 1127 3442 27.

110 3451 241 3507 dixerunt
259 3455 287 3509 A
307 3453 421 3509 disserit
508 3456 553 3510 ius
577 3454 754 3511 Waebsmutb

161 3553 301 3603 Pomponius
315 3554 386 3599 Mara
975 3543 1000 3590 b
