2512 3824
387 196 569 254 cnoaoss.
590 196 629 252 111
649 203 672 252 1.
692 202 708 252 ι
727 198 856 267 (rr-re)
1084 197 1126 262 59

113 382 174 445 que
211 363 287 425 sunt
323 359 380 425 sed
416 381 553 442 quorum
587 359 723 424 nomina
758 362 871 424 nostro
908 381 962 424 ore
999 359 1127 443 concipi

110 452 284 532 nequeant.
339 468 398 532 per
428 448 450 526 †
483 447 579 512 eundi
612 451 645 512 et
675 446 832 513 Salaenos
865 445 1034 533 Saunium,
1070 470 1127 532 per

109 535 309 622 Autrigones
334 539 367 601 et
389 534 642 620 Orgenomescos
661 533 828 601 Namnasa
851 535 1027 620 descendit,
1050 541 1083 601 et
1106 537 1127 615 †

113 623 253 690 Devales
286 624 413 690 Tritino
445 623 598 690 Bellunte
630 624 746 708 cingit,
778 629 811 689 et
841 623 978 689 Decium
1007 623 1128 689 Aturia

85 711 241 778 sSonans
268 709 372 778 Seuso
400 716 434 778 et
459 711 624 798 Magrada.
674 712 825 779 Vardulli
851 735 916 777 una
943 733 1024 798 gens
1051 713 1127 778 hino

113 801 155 866 ad
177 801 337 886 Pyrenaei
363 801 433 886 iugi
459 801 721 884 promunturium
748 801 913 885 pertinens
942 801 1044 866 cludit
1070 800 1127 865 Hi-

111 911 316 1062 spmgiquit
301 981 356 1043 tur
378 976 504 1043 Galliae
531 979 581 1043 lat
566 981 619 1042 tus
647 978 695 1042 alt
680 981 799 1061 t‚erum
827 978 917 1044 cuius
941 999 999 1042 ora
1021 978 1126 1079 primo
1146 957 1180 1084 ᾗ

111 1066 196 1130 nihil
221 1086 397 1151 progressa
427 1067 463 1131 in
493 1067 597 1131 altum
628 1088 704 1131 mox
735 1028 927 1131 tantundem
959 1088 1061 1150 paene
1092 1066 1128 1131 in

72 1172 100 1212 1⁰
112 1155 248 1240 pelagus
272 1156 427 1221 excedens
446 1159 604 1240 quantum
626 1158 715 1220 retro
733 1153 894 1256 Hispania
916 1155 1127 1238 abscesserat,

113 1240 316 1308 Cantabricis
334 1245 373 1308 fit
383 1244 521 1308 adversa
538 1242 645 1326 terris,
664 1248 697 1308 et
715 1243 832 1326 grandi
850 1242 986 1308 cbouitu
1002 1243 1128 1308 adfiexa

113 1330 154 1396 ad
182 1331 382 1397 occidentem
408 1331 489 1396 litus
517 1331 666 1396 advenit
714 1335 793 1396 tunc
820 1332 860 1397 ad
892 1332 1127 1416 septentriones

113 1440 269 1484 conversa
291 1420 411 1484 iterum
430 1419 529 1504 longo
552 1423 704 1503 rectoque
726 1423 833 1485 tractu
851 1421 892 1485 ad
913 1421 1002 1503 ripas
1020 1418 1128 1484 Rheni

113 1508 218 1572 amnis
250 1507 451 1591 expanditur.
500 1512 589 1572 terra
620 1511 671 1572 est
702 1507 859 1572 frumenti
889 1507 1060 1591 praecipue
1091 1528 1128 1571 ac
1148 1524 1180 1574 ιι

73 1613 100 1655 rs
112 1595 226 1678 pabuli
256 1595 349 1660 ferax
381 1600 414 1660 et
446 1617 583 1662 amoena
615 1595 697 1660 lucis
730 1595 926 1660 inmanibus.
978 1594 1128 1678 quioquid

114 1706 154 1748 ex
175 1684 257 1750 satis
279 1684 413 1769 frigoris
440 1684 615 1769 impatiens
638 1686 689 1748 est
712 1704 808 1768 aegre
835 1705 894 1748 nec
916 1683 1035 1767 ubique
1059 1683 1128 1766 alit,

115 1773 265 1857 salubris,
288 1776 322 1838 et
342 1773 441 1840 noxio
463 1794 583 1859 genere
601 1772 793 1838 animalium
815 1772 949 1838 minime
967 1771 1128 1856 frequens.

114 1865 227 1944 gentes
259 1862 418 1946 superbae
449 1862 697 1947 superstitiosae
729 1861 902 1946 aliquando
934 1861 1033 1925 etiarn
1069 1861 1129 1925 im·
1150 1878 1182 1927 18

114 1970 226 2013 manes
250 1949 329 2014 adeo
352 1954 390 2014 ut
410 1950 576 2014 hominem
595 1951 753 2033 optimam
776 1953 809 2013 et
826 1949 1048 2033 gratissimam
1067 1949 1128 2013 diis

73 2054 102 2095 so
115 2036 283 2100 victimam
314 2037 491 2102 crederent
544 2041 678 2102 manent
712 2037 853 2122 vestigia
888 2036 1029 2101 feritatis
1063 2037 1130 2100 iam

113 2124 268 2208 abolitae,
290 2128 389 2208 atque
411 2129 449 2190 ut
471 2126 512 2190 ab
536 2125 662 2191 ultimis
685 2125 837 2190 caedibus
859 2128 1059 2208 temperant,
1081 2125 1130 2189 ita

112 2212 336 2297 nibilominus,
358 2214 414 2278 ubi
436 2213 569 2280 devotos
590 2213 748 2279 altaribus
771 2213 951 2298 admovere,
973 2213 1128 2278 delibant.

101 2301 236 2367 babent
253 2305 364 2368 tamen
382 2306 415 2368 et
431 2302 617 2368 &andium
637 2325 730 2368 suam
743 2304 984 2386 magistrosque
1003 2303 1129 2385 sapien-

113 2390 180 2455 tiae
207 2390 348 2456 druidas.
398 2391 433 2455 hi
464 2395 571 2456 terrae
602 2391 778 2474 mundique
805 2390 1063 2475 magnitudinem
1096 2392 1129 2453 et
1149 2407 1181 2454 19

74 2478 267 2561 reformem,
294 2484 403 2545 motus
431 2479 514 2543 caeli
540 2499 580 2542 ao
607 2478 762 2562 siderum,
790 2481 823 2542 et
849 2476 926 2561 quid
953 2476 1000 2540 dii
1026 2476 1129 2542 velint

114 2565 196 2630 scire
227 2567 431 2649 profitentur.
481 2565 599 2631 docent
630 2566 734 2630 multa
698 2564 988 2632 tuobilissimos
1021 2565 1128 2651 gentis

115 2654 198 2719 clam
224 2658 259 2719 et
286 2653 356 2738 diu,
383 2654 504 2719 vicenis
533 2654 639 2739 amis,
666 2655 786 2721 autin
751 2676 906 2739 mspeou
933 2655 1025 2721 aut'
1015 2677 1051 2719 in
1072 2655 1128 2719 ab·

113 2743 192 2807 ditis
211 2742 360 2808 saltibus.
395 2765 497 2808 unum
516 2765 555 2808 ex
572 2742 625 2808 his
644 2765 727 2828 quae
740 2743 971 2828 praecipiunt
961 2765 996 2808 ιιι
1009 2743 1128 2827 vulgus

185 2905 208 2953 3.
229 2898 389 2968 auariginos
407 2899 435 2952 A
458 2898 628 2969 Autrigones
645 2899 792 2955 Barbarus
846 2914 1081 2967 orgenomesquos
1101 2897 1129 2950 A

116 2967 336 3036 Orgenomescos
359 2969 543 3093 AGronpvius
615 2976 639 3025 4.
659 2977 684 3025 5.
702 2972 785 3025 cerba
808 2969 922 3023 devales
941 2998 975 3008 -
992 2967 1129 3052 magrada

114 3055 215 3094 suam
232 3055 290 3094 aon
302 3041 385 3108 potari
456 3039 593 3163 aqituulrlrla
610 3039 652 3094 A²
669 3042 786 3164 eppsptis
804 3038 965 3167 ῑιιιιιῑιιέπαιίἒ
984 3040 1017 3093 ie
982 3040 1130 3178 spotppp

113 3124 203 3260 m
225 3109 655 3280 eubisomwbdaprbiiunturibii
669 3109 1128 3284 4¹¹1iiiii⁹uu1itoiiuni¹iams¹rs

115 3248 273 3304 inmanibus
296 3249 337 3302 A¹
360 3248 528 3305 immanibus
550 3251 591 3305 A¹
645 3249 730 3320 quicq
731 3251 780 3305 uid
802 3252 843 3306 A¹
866 3269 934 3308 corr.
1013 3257 1054 3305 1o.
1078 3249 1130 3302 im-

114 3320 226 3447 ptaatrdiem
240 3320 281 3374 A¹
299 3337 389 3446 corp1
423 3337 491 3390 ager
509 3321 573 3376 Aa
574 3339 675 3391 emec
747 3329 790 3378 20
810 3321 940 3377 vemtafis
961 3321 989 3374 A
1008 3319 1129 3374 feritatis

180 3408 263 3447 sousa
415 3392 568 3459 atqueA¹
594 3408 664 3449 corr
744 3399 787 3448 22.
815 3393 934 3447 devotas
957 3392 985 3446 A
1010 3391 1129 3446 devotos

117 3462 270 3518 Pintiouus
342 3469 385 3518 24.
409 3461 522 3517 druidas
545 3463 587 3517 A¹
609 3480 677 3519 corr.
751 3470 793 3519 27.
813 3463 917 3518 vicinis
942 3462 1041 3515 Aa
986 3461 1142 3514 arsames
