2512 3824
134 189 177 256 38
480 189 661 246 POMPONII
679 189 803 244 MELAE

131 353 232 418 etiem
263 375 355 437 num,
387 352 622 436 delubrumque
655 351 801 436 Olympii
832 351 935 431 Iovis,
973 353 1150 419 certamine

130 441 282 527 gymnico
311 446 344 507 et
371 441 533 525 singulari
561 440 749 524 sanctitate,
778 441 850 524 ipso
879 441 1008 524 quidem
1036 443 1151 508 tamen

130 529 303 595 simulacro
344 529 429 614 quod
465 529 600 594 Phidiae
637 550 718 613 opus
760 532 811 593 est
847 530 988 594 maxime
1028 530 1149 595 nobile.

75 633 110 683 43
129 617 303 683 Arcadiam
330 617 624 702 Peloponnesiacae
657 621 770 702 gentes
798 617 938 702 undique
968 618 1149 704 incingunt.

128 706 164 770 in
186 728 225 772 ea
249 710 326 773 sunt
347 707 445 772 urbes
468 705 622 790 Psophis,
644 705 768 790 Tegea,
796 704 1031 790 Orchomenos,
1058 725 1178 772 mon-e

128 799 179 860 tes
201 794 340 880 Pholoe,
368 794 549 879 Cyllenius,
571 794 780 872 Parthenius,
802 793 985 878 Maenalus,
1012 795 1149 861 flumina

127 883 353 968 Erymanthus
391 887 425 948 et
456 882 586 966 Ladon,
627 884 662 947 in
698 882 832 948 Aetolia
863 881 1071 968 Naupactos,
1113 886 1148 950 in

127 973 313 1038 Acarnania
341 970 471 1037 Stratos
499 972 631 1056 oppida,
661 972 698 1036 in
724 970 826 1054 Epiro
853 969 1024 1037 Dodonaei
1056 972 1147 1038 Iovis

127 1062 301 1146 templum,
329 1065 362 1126 et
387 1060 463 1126 fons
489 1059 563 1124 ideo
592 1081 695 1144 sacer,
723 1059 809 1144 quod
836 1081 909 1125 cum
938 1061 982 1125 sit
1007 1060 1147 1146 frigidus

128 1153 161 1215 et
184 1148 345 1214 inmersas
363 1144 451 1214 faces
475 1149 558 1214 sicut
580 1149 679 1214 ceteri
697 1148 877 1234 extinguat,
900 1149 957 1213 ubi
980 1150 1050 1214 sine
1069 1149 1146 1234 igne
1161 1167 1188 1208 1⁰

73 1251 109 1302 44
127 1238 242 1322 procul
265 1238 480 1302 admoventur
507 1237 665 1304 adcendit
710 1240 745 1302 at
768 1257 841 1301 cum
868 1237 968 1302 litora
991 1238 1148 1323 leguntur

127 1349 147 1390 a
178 1326 406 1411 promunturio
439 1324 576 1410 Sepiade
608 1347 666 1410 per
692 1324 885 1391 Demetrion
916 1329 949 1390 et
975 1325 1087 1392 Halon
1114 1331 1148 1392 et

125 1413 264 1481 Pteleon
287 1418 320 1480 et
342 1413 493 1480 Echinon
520 1414 562 1479 ad
584 1413 787 1499 Pagasaeum
815 1413 922 1479 sinum
950 1436 1063 1480 cursus
1087 1419 1147 1481 est.

125 1503 181 1569 ille
208 1503 322 1570 urbem
349 1503 500 1589 Pagasan
529 1503 694 1587 amplexus
726 1523 854 1568 amnem
882 1500 1062 1586 Sperchion
1094 1526 1148 1568 ac·

126 1592 220 1677 cipit,
253 1595 286 1658 et
316 1592 393 1678 quia
420 1591 551 1676 Minyae
580 1589 736 1657 Colchida
768 1593 916 1675 petentes
948 1591 1024 1656 inde
1052 1591 1145 1677 Argo
1161 1606 1187 1649 1⁵

72 1694 107 1744 45
125 1702 244 1746 navem
267 1682 394 1747 solvere
414 1683 620 1745 memoratur.
666 1680 707 1744 ab
731 1700 768 1744 eo
793 1679 834 1744 ad
853 1677 989 1744 Sunium
1010 1680 1145 1745 tenden-

126 1770 215 1834 tibus
233 1769 293 1834 illa
306 1769 585 1854 praenaviganda:
602 1767 760 1832 Maliacus
780 1771 813 1831 et
826 1767 989 1851 Opuntius
1004 1768 1144 1852 grandes

128 1856 233 1940 sinus,
266 1860 301 1922 et
332 1857 368 1921 in
398 1856 451 1921 his
484 1877 651 1921 caesorum
683 1856 783 1921 etiam
811 1855 977 1921 Laconum
1009 1861 1145 1942 tropaea

126 1943 379 2030 Thermopylae,
404 1944 525 2030 Opots,
549 1941 707 2029 Scarpha,
729 1941 911 2029 Onemides,
933 1944 1053 2029 Alope,
1077 1945 1144 2011 An·

125 2032 261 2120 thedon,
292 2033 489 2117 Larumnae,
516 2032 625 2118 Aulis,
652 2033 932 2117 Agamemnoniae
960 2032 1145 2100 Graiorum·
1159 2049 1186 2090 2⁰

127 2143 190 2207 que
213 2123 327 2188 classis
350 2124 386 2188 in
408 2122 540 2187 Troiam
563 2122 803 2188 coniurantium
827 2122 941 2206 statio,
968 2121 1145 2189 Marathon

126 2230 321 2296 magnarum
348 2211 589 2294 multarumque
612 2209 784 2274 virtutium
811 2209 907 2274 testis
930 2211 998 2276 iam
1025 2210 1099 2295 inde
1123 2233 1143 2274 a

72 2311 107 2364 46
126 2297 269 2383 Theseo,
305 2297 437 2364 Persica
468 2299 608 2363 maxime
635 2297 736 2364 clade
768 2301 941 2382 pernotus3
972 2299 1142 2364 Rhamnes

124 2408 240 2473 parva,
272 2387 421 2453 inlustris
448 2390 572 2472 tamen,
600 2387 687 2471 quod
713 2387 749 2452 in
779 2409 818 2452 ea
844 2387 957 2452 fanum
984 2390 1034 2453 est
1061 2385 1144 2451 Am-

123 2476 252 2560 phiarai
280 2481 313 2542 et
335 2475 491 2542 Phidiaca
518 2476 683 2561 Nemesis3
712 2475 870 2542 Thoricos
899 2480 932 2540 et
960 2475 1143 2542 Brauronia
1158 2489 1185 2532 2⁵

125 2564 205 2628 olim
237 2565 335 2630 urbes
367 2565 434 2629 iam
464 2569 596 2630 tantum
627 2565 770 2631 nomina.
821 2562 956 2630 Sunium
989 2586 1144 2649 promun-

124 2652 248 2716 turium
279 2655 342 2736 eet,
374 2653 511 2737 finitque
542 2653 576 2718 id
606 2653 684 2719 litus
713 2652 871 2719 Hellados
899 2651 984 2737 quod
1016 2657 1143 2738 spectat

198 2833 221 2880 1.
241 2824 393 2880 certamine
413 2824 454 2880 A¹
476 2841 545 2882 corr.
618 2833 643 2883 5.
663 2826 740 2881 tenia
758 2827 786 2880 A
804 2826 899 2895 Tegea
919 2826 1073 2881 Piatiooas

124 2904 148 2952 6.
169 2897 296 2966 cyllenus
314 2896 343 2950 A
362 2895 502 2966 Cyllenius
520 2913 537 2952 o
610 2904 634 2953 7.
653 2897 794 2968 naupaotc
808 2896 836 2952 A
891 2901 933 2952 10.
952 2895 1087 2950 inmersas
1102 2893 1144 2949 A¹

123 2967 268 3022 immersas
278 2966 319 3022 A’
374 2974 415 3022 11.
430 2967 613 3023 adcenditA²
627 2967 757 3024 accendit
766 2966 806 3021 A¹
857 2973 899 3022 12.
910 2982 927 3021 a
940 2973 1004 3024 mate
1012 2983 1144 3038 promun-

122 3038 198 3094 turio
227 3039 290 3095 add.
319 3038 360 3093 A*
436 3038 592 3094 demetrian
620 3039 648 3094 A
673 3037 838 3094 Demetrion
868 3038 981 3095 Vossius
1056 3037 1143 3091 balon

122 3108 151 3164 A
168 3107 261 3162 Halon
279 3125 300 3165 a
360 3115 404 3167 15,
422 3110 553 3165 chalcida
570 3111 599 3165 A
660 3117 701 3165 16.
719 3111 910 3164 memorantur
927 3109 955 3164 A
973 3111 1144 3164 memoratur

122 3197 139 3236 o
195 3186 237 3236 17.
256 3179 402 3235 malliacus
417 3181 445 3234 A
501 3187 541 3238 18.
561 3185 661 3252 tropea
678 3181 707 3235 A
767 3186 808 3235 19.
827 3179 1042 3250 thermophylae
1061 3179 1089 3233 A

123 3266 204 3305 orces
218 3250 246 3306 A
260 3250 352 3322 Opoes
366 3251 513 3307 Barbarae
567 3252 672 3322 carpha
684 3250 712 3305 A
727 3250 851 3321 Scarpha
868 3251 980 3308 Vossius
1035 3256 1077 3306 19.
1097 3256 1140 3304 20.

122 3321 246 3376 antedon
259 3321 287 3376 A
359 3328 402 3377 22.
422 3322 570 3378 virtutium
587 3324 628 3379 ete
641 3321 669 3376 A
741 3327 784 3378 28.
803 3322 919 3377 theeaeo
934 3322 962 3376 A
1017 3318 1142 3376 thamnis

122 3391 151 3445 A
174 3392 318 3447 Rhamnus
341 3393 488 3449 Barbarae
564 3399 607 3449 24.
630 3391 757 3447 inlustris
780 3392 962 3448 A²u1useris
985 3391 1025 3446 A’
1098 3396 1141 3446 25.

117 3460 254 3530 phoricos
269 3463 298 3516 A
312 3463 448 3520 Thoricos
462 3464 609 3522 Barbarus
657 3463 795 3520 bauronia
808 3463 836 3518 A
854 3462 1009 3518 Brauronia
1028 3462 1142 3519 Vossius
