2512 3824
372 168 553 224 eflortoca.
572 168 598 222 ΙΙ
617 175 642 223 e.
662 175 677 223 r
697 170 824 239 (oo-oa)
1061 169 1104 234 49

91 352 194 415 paene
217 333 307 396 totus
326 330 360 395 in
383 352 471 395 mare
489 330 686 415 prominens.
732 331 761 394 is
780 331 898 395 mirum
920 331 956 395 in
974 330 1107 396 modum

93 441 270 502 concavus,
297 419 339 483 ab
362 439 401 483 ea
426 423 520 502 parte
543 441 608 503 qua
632 421 759 502 spectat
786 440 936 484 occasum
963 419 1106 484 medium

92 507 160 573 fero
182 509 269 572 latus
293 507 407 592 aperit,
430 510 526 592 atquc
549 507 623 572 inde
645 507 802 592 ingressis
825 509 915 572 totus
934 507 1107 573 admodum

94 597 225 681 pervius
253 616 354 679 prope
382 601 540 680 quantum
567 598 660 679 patet
686 617 815 681 specus;
844 598 877 660 et
905 596 995 660 sinus
1022 597 1160 661 ultrast

65 688 146 750 aest
177 685 212 749 in
243 705 344 768 eoque
377 682 522 768 Carteia,
554 688 592 748 ut
624 683 754 768 quidam
785 685 903 768 putant
935 684 1107 767 aliquando

94 773 257 856 Tartesos,
276 778 308 836 et
327 794 425 856 quam
442 772 620 837 transvecti
639 793 678 836 ex
696 771 808 836 Africa
821 771 999 837 Phoenices
1017 771 1108 836 habi-

93 863 168 926 tant
190 864 287 945 atque
304 860 389 926 unde
410 883 470 926 nos
490 882 600 925 sumus
619 859 825 945 Tingentera.
870 863 941 924 tum
959 858 1110 924 Mellaria

94 953 128 1014 et
146 949 240 1015 Bello
264 952 297 1015 et
315 949 478 1035 Baesippo
502 970 604 1033 usque
628 949 669 1013 ad
690 948 824 1014 Iunonis
848 948 1110 1032 promunturium

96 1059 189 1103 oram
202 1036 278 1103 freti
292 1041 436 1122 occupat.
463 1035 546 1102 illud
558 1037 624 1102 iam
638 1037 673 1101 in
691 1037 889 1102 occidentem
903 1039 937 1102 et
955 1058 1110 1103 oceanum

57 1142 82 1181 10
97 1126 230 1211 obliquo
249 1127 326 1210 iugo
346 1147 529 1210 excurrens,
546 1129 643 1210 atque
662 1125 693 1188 ei
712 1124 797 1209 quod
816 1125 851 1189 in
864 1124 978 1189 Africa
992 1124 1110 1209 Ampe-

96 1215 215 1278 lusiam
229 1236 299 1279 esse
314 1214 692 1297 dixeramuaadversum,
711 1235 775 1297 qua
789 1216 902 1278 nostra
916 1213 1021 1278 maria
1034 1216 1111 1278 sunt

95 1303 168 1367 finit
189 1301 352 1385 Europen.

186 1389 293 1454 Gades
329 1390 438 1454 insula
475 1410 558 1473 quae
595 1391 735 1475 egressis
772 1389 892 1481 fretum
929 1390 1025 1455 obvia
1062 1393 1112 1454 est
1131 1369 1164 1494 g,

98 1477 251 1543 admonet
277 1481 352 1542 ante
379 1478 521 1562 reliquas
549 1477 653 1542 dicere
686 1499 784 1561 quam
810 1478 845 1541 in
872 1478 986 1542 oceani
1014 1477 1113 1541 litora

57 1581 83 1623 1⁵
97 1568 319 1651 terrarumque
347 1565 531 1648 circuitum,
562 1569 600 1630 ut
626 1565 721 1629 initio
749 1565 972 1648 promisimus,
1005 1565 1112 1630 oratio

97 1654 239 1720 excedat.
285 1675 408 1738 paucae
433 1657 511 1719 sunt
533 1653 566 1717 in
585 1651 757 1736 Maeotide,
779 1651 854 1716 inde
877 1653 964 1717 enim
986 1651 1114 1717 videtur

97 1742 395 1808 commodissimum
422 1742 578 1826 incipere3
608 1762 713 1826 neque
745 1762 857 1806 omnes
885 1744 997 1806 tamen
1026 1741 1113 1806 inco-

97 1833 222 1917 luntur,
243 1854 320 1896 nam
347 1853 389 1897 ne
415 1831 537 1916 pabula
560 1830 689 1914 quidem
711 1830 803 1915 large
832 1829 949 1894 ferunt.
993 1830 1056 1895 hac
1079 1851 1114 1894 re

98 1919 322 1984 habitantibus
350 1941 426 1984 caro
455 1939 648 2003 magnorum
675 1918 813 2001 piscium
836 1918 905 1983 sole
933 1919 1054 1983 siccata
1082 1923 1115 1983 et

60 2023 86 2062 20
100 2006 135 2068 in
161 2006 316 2088 pollinem
343 2028 445 2089 usque
473 2009 608 2070 contusa
630 2027 689 2088 pro
717 2005 804 2069 farre
833 2008 891 2071 est.
936 2027 1059 2088 paucae
1083 2009 1116 2070 et
1134 2020 1168 2070 98

100 2093 136 2158 in
158 2092 279 2176 Ponto,
301 2092 406 2158 Leuce
428 2092 641 2177 Borysthenis
665 2092 751 2157 ostio
775 2093 914 2175 obiecta,
937 2115 1038 2177 parva
1062 2093 1116 2157 ad·

100 2181 242 2266 modum,
265 2185 298 2246 et
321 2181 406 2266 quod
429 2181 475 2246 ibi
494 2180 638 2246 Achilles
662 2181 744 2246 situs
764 2184 813 2246 est
830 2180 980 2246 Achillea
999 2202 1116 2267 cogno-

101 2269 196 2335 mine.
232 2292 298 2335 non
316 2271 414 2357 longe
433 2292 453 2335 a
467 2267 597 2336 Colchis
611 2267 693 2334 Aria
707 2291 789 2354 quae
803 2269 902 2334 Marti
921 2273 1117 2353 consecrata,

101 2362 138 2424 ut
173 2358 294 2424 fabulis
332 2359 489 2442 traditur,
530 2358 607 2424 tulit
640 2379 714 2423 aves
752 2380 825 2423 cum
863 2379 990 2423 summa
1027 2358 1116 2422 clade

59 2464 87 2505 25
101 2447 340 2512 advenientium
371 2447 487 2530 pinnas
516 2445 609 2530 quasi
640 2445 706 2510 tela
737 2445 905 2511 iaculatas.
957 2467 1012 2510 sex
1041 2449 1118 2510 sunt

101 2536 187 2600 inter
204 2533 311 2599 Histri
334 2535 432 2600 ostia:
456 2556 496 2600 ex
517 2533 571 2599 his
589 2533 695 2598 Peuce
716 2532 890 2598 notissima
914 2537 946 2598 et
965 2534 1117 2599 maxima.

101 2622 264 2707 Thynias,
305 2621 594 2706 Mariandynumm
629 2621 750 2687 finibus
786 2643 963 2706 proxuma,
1003 2623 1118 2688 urbem

101 2711 216 2795 habet,
253 2732 351 2796 quam
389 2712 464 2796 quia
495 2709 632 2795 Bithyni
667 2710 814 2776 incolunt
845 2709 1025 2796 Bithynida
1060 2711 1115 2776 ad·

101 2801 237 2883 pellant.
287 2803 400 2865 contra
432 2798 607 2864 Thracium
640 2797 846 2884 Bosphorum
878 2800 960 2865 duae
993 2821 1113 2883 parvae
1133 2813 1168 2863 99

61 2905 89 2946 eo
102 2910 268 2972 parvoque
287 2889 445 2953 distantes
465 2889 572 2972 spatio
592 2891 625 2952 et
643 2888 817 2972 aliquando
837 2888 980 2953 creditae
998 2886 1117 2952 dictae·

103 2997 164 3059 que
192 2997 381 3042 concurrere
404 2981 438 3041 et
461 2974 611 3060 Cyaneae
638 2980 796 3042 vocantur
818 2979 851 3040 et
874 2974 1117 3060 Symplegades.

176 3153 200 3200 6.
219 3147 359 3218 tartessloe
377 3148 406 3202 A
478 3155 502 3205 7.
525 3149 637 3203 melana
658 3149 687 3203 A
708 3147 838 3204 Mellaria
859 3148 1006 3204 Barbarus
1079 3154 1120 3203 10.

105 3217 221 3274 africam
239 3219 267 3271 A
328 3224 369 3275 10.
391 3225 432 3273 11.
451 3219 668 3289 anpelusiamA
727 3226 769 3277 13.
788 3219 875 3290 gades
894 3219 935 3274 A¹
954 3234 1022 3274 corr.
1078 3223 1120 3274 23.

105 3289 194 3343 obolis
213 3292 241 3342 A
260 3287 373 3344 Colchis
391 3289 555 3346 Reiooldias
608 3297 651 3347 27.
671 3290 767 3361 cynias
785 3289 952 3359 A'Phynias
969 3289 1123 3344 Pictanus

177 3375 294 3413 roxuma
311 3361 352 3414 sic
369 3361 397 3414 A
460 3365 503 3416 28.
522 3367 565 3416 29.
585 3360 622 3415 ad
643 3360 733 3416 allant
749 3361 791 3415 A¹
808 3359 956 3430 appellant
974 3358 1014 3414 A·
1078 3366 1122 3415 29.

75 3504 77 3508 Ι
104 3433 165 3491 trac
188 3429 244 3484 'um
262 3430 291 3484 A
361 3436 404 3485 31.
424 3430 553 3499 cyanitae
571 3433 599 3486 A
619 3379 746 3500 dyaneae
764 3449 780 3487 o

160 3529 299 3578 Pomponius
312 3529 380 3572 101⁸.
971 3521 994 3564 ἱ
