2512 3824
400 189 580 246 cuouoce.
599 191 669 246 ua.
689 196 707 245 a
726 166 853 261 (ar-‘eo
1086 193 1128 256 41

116 353 224 437 prima
256 352 324 418 eius
356 356 485 436 tenent,
523 351 693 436 sequentia
724 351 907 437 Taulantii,
939 351 1132 438 Encheleae,

115 440 291 507 Phaeaces.
346 440 420 505 dein
452 444 529 504 sunt
560 461 641 524 quos
673 441 812 525 proprie·
836 440 967 525 Illyrios
1004 445 1184 527 vocantes

115 534 186 594 tum
209 529 317 594 Piraei
340 533 374 595 ct
396 529 531 595 Liburni
557 532 591 593 et
612 527 746 594 Histria
791 529 922 594 urbium
949 530 1055 614 prima
1083 535 1132 596 est

116 617 261 702 Oricum,
289 617 430 684 secunda
452 617 687 702 Dyrrachium,
714 616 918 703 Epidamnos
948 622 1023 683 ante
1051 624 1132 703 erat,

89 705 258 772 eRomani
275 727 395 773 nomen
413 708 590 789 mutavere,
608 705 684 790 quia
702 707 790 772 velut
808 707 843 771 in
862 706 1018 772 damnum
1035 706 1131 772 ituris

116 816 213 860 omen
244 795 278 860 id
306 797 412 861 visum
444 799 504 860 est.
555 795 644 860 ultra
677 798 754 860 sunt
780 794 970 880 Apollonia,
1003 793 1132 880 Salona,
1150 815 1184 864 57

115 882 224 968 Iader,
254 880 401 967 Narona,
430 883 638 969 Tragurium,
670 883 760 948 sinus
787 883 954 949 Polaticus
984 887 1017 948 et
1042 882 1132 968 Pola,

116 973 280 1055 quondam
312 995 333 1038 a
359 970 489 1038 Colchis
516 975 553 1038 ut
579 972 690 1037 ferunt
716 972 880 1057 habitata,
910 972 945 1037 in
975 975 1132 1056 quantum

114 1082 166 1125 res
193 1061 377 1126 transeunti
404 1082 491 1126 nunc
518 1060 669 1126 Romana
695 1061 833 1126 colonia.
883 1082 994 1126 amnes
1022 1063 1132 1125 autem

75 1169 102 1210 ιο
116 1149 202 1215 Aeas
226 1153 260 1214 et
281 1149 351 1216 Nar
377 1152 410 1215 at
432 1149 603 1216 Danuvius
626 1149 682 1233 qui
704 1149 770 1214 iam
798 1149 904 1214 dictus
933 1151 983 1214 est
1004 1148 1131 1214 Hister:

115 1238 171 1302 sed
193 1236 281 1303 Aeas
305 1239 481 1304 secundum
503 1237 726 1322 Apolloniam,
748 1237 818 1304 Nar
840 1237 926 1303 inter
943 1237 1076 1304 Piraeos
1099 1240 1133 1303 et

113 1324 290 1406 Liburnos,
312 1347 371 1410 per
393 1325 527 1391 Histros
549 1325 664 1391 Hister
686 1326 857 1392 emittitur.
903 1325 1059 1412 Tergeste
1083 1325 1131 1391 in·

114 1418 205 1479 turno
227 1415 264 1478 in
287 1415 361 1480 sinu
383 1413 526 1480 Hadriae
551 1415 650 1480 situm
673 1414 746 1480 finit
767 1414 947 1499 Illyricum.

203 1500 253 1567 De
289 1501 386 1568 Italia
417 1504 525 1587 magis
557 1503 633 1586 quia
670 1503 750 1568 ordo
781 1503 885 1587 exigit
920 1524 1018 1586 quam
1055 1502 1132 1585 quia
1150 1484 1184 1610 Aa

75 1610 101 1651 15
115 1591 293 1656 monstrari
316 1595 391 1676 eget
412 1613 518 1676 panca
541 1591 700 1656 dicantur:
724 1593 805 1656 nota
823 1593 901 1655 sunt
924 1591 1042 1655 omnia.
1089 1590 1130 1655 ab

114 1679 254 1764 Alpibus
277 1681 393 1764 incipit
415 1682 450 1744 in
473 1681 575 1744 altum
589 1679 769 1764 excedere,
798 1683 899 1764 atque·
922 1683 961 1744 ut
985 1678 1132 1762 procedit

115 1790 149 1833 sc
177 1769 298 1851 media
310 1771 470 1854 perpetuo
496 1769 575 1854 iugo
596 1766 787 1852 Appennini
812 1769 934 1833 montis
963 1768 1132 1852 adtollens,

114 1857 199 1922 inter
226 1857 454 1924 Hadriaticum
482 1861 515 1923 et
544 1857 686 1922 Tuscum
713 1857 795 1941 sive,
826 1860 863 1922 ut
891 1856 987 1922 aliter
1019 1856 1131 1922 eadem

116 1945 334 2030 adpellantur,
360 1948 448 2011 inter
469 1945 626 2029 Superum
650 1967 739 2010 mare
763 1949 797 2010 et
818 1945 963 2010 Inferum
991 1945 1132 2010 excurrit

75 2052 102 2092 ao
117 2032 172 2097 diu
204 2033 316 2098 solida
371 2055 483 2098 verum
518 2034 576 2098 ubi
606 2035 704 2118 longe
742 2033 813 2097 abit
843 2033 879 2097 in
915 2033 978 2097 duo
1010 2054 1132 2097 cornua

116 2121 265 2206 finditur,
300 2122 495 2206 respicitque
528 2123 632 2186 altero
665 2119 808 2186 Siculum
839 2122 991 2206 pelagus,
1029 2121 1131 2187 altero

115 2208 259 2275 Ionium:
291 2214 365 2275 tota
396 2213 537 2296 angusta
564 2213 598 2275 at
628 2210 750 2276 alicubi
776 2210 882 2275 multo
916 2231 1014 2294 quam
1045 2208 1131 2274 unde

116 2299 223 2384 coepit
245 2300 423 2384 angustior.
467 2300 623 2365 interiora
642 2300 712 2365 eius
736 2299 819 2364 aliae
837 2298 985 2382 aliaeque
1007 2301 1132 2383 gentes,
1150 2317 1184 2368 ⁶9

116 2388 284 2453 sinistram
314 2391 442 2472 partem
470 2385 583 2472 Oarni,
616 2392 649 2452 et
680 2386 799 2452 Veneti
831 2388 943 2452 colunt
969 2386 1132 2470 Togatam

73 2493 99 2534 aa
114 2473 270 2559 Galliam3
293 2480 364 2541 turn
382 2477 490 2541 Italici
511 2476 626 2560 populi
642 2475 803 2558 Picentes,
824 2473 991 2557 Frentani,
1012 2472 1131 2560 Dauni,

112 2563 232 2647 Apuli,
269 2563 419 2648 Calabri,
455 2562 637 2628 Sallentini
696 2562 738 2627 ad
774 2562 922 2627 dextram
958 2565 1035 2627 sunt
1071 2563 1131 2628 sub
1246 2582 1248 2588 ·

113 2651 253 2736 Alpibus
285 2652 438 2738 Ligures,
470 2653 531 2717 sub
564 2651 760 2736 Appennino
788 2651 935 2735 Etruria3
968 2655 1043 2735 post
1069 2650 1131 2718 La·

112 2740 208 2824 tium,
240 2739 366 2826 Volsci,
398 2738 579 2825 Campania
610 2743 643 2806 et
670 2761 768 2824 super
794 2739 973 2806 Lucaniam
998 2739 1131 2806 Bruttii

113 2829 244 2894 urbium
269 2852 351 2914 quae
374 2831 488 2914 procul
507 2852 527 2894 a
550 2829 634 2894 mari
652 2828 845 2894 habitantur
863 2829 1130 2915 opulentissimae
1149 2848 1183 2898 60

73 2934 100 2976 co
115 2921 191 2981 sunt
223 2917 264 2982 ad
297 2918 463 2984 sinistram
494 2917 667 2985 Patavium
699 2916 898 3002 Antenoris,
933 2916 1062 2981 Mutina
1098 2920 1132 2981 et

187 3113 210 3163 1.
226 3107 375 3177 paulanthi
389 3109 417 3163 A
432 3108 576 3164 Taulantii
588 3126 610 3164 a
663 3108 760 3162 encele
774 3108 803 3161 A
816 3107 976 3163 Encheleae
992 3107 1132 3165 olivarius

189 3185 215 3234 4.
240 3193 356 3246 oryoum
376 3181 405 3234 A
482 3187 507 3236 6.
530 3179 640 3234 salonia
661 3179 689 3234 A
713 3178 817 3234 Salona
837 3194 858 3234 cc
931 3186 955 3235 ⁷.
978 3178 1131 3233 tracurim

113 3250 142 3304 A
214 3255 257 3304 10.
277 3265 324 3304 eas
342 3250 371 3304 A
389 3251 498 3308 Aeaeo
572 3258 614 3306 11.
634 3267 682 3306 eas
704 3251 734 3304 A
795 3267 812 3304 a
833 3249 967 3305 ollincam
985 3249 1015 3303 'A
1088 3255 1130 3306 12.

115 3328 155 3376 13.
175 3320 284 3375 intumo
302 3322 343 3377 aa'c
361 3321 389 3375 A
458 3329 500 3378 14.
520 3321 615 3392 exegit
628 3323 656 3376 A
729 3327 803 3376 lca
823 3321 927 3376 tollens
941 3320 981 3374 A¹
996 3319 1131 3376 attoliern

112 3391 154 3446 A’
218 3397 261 3447 19.
280 3391 460 3462 adpellantur
477 3394 519 3447 A²
536 3393 718 3464 appellantur
735 3391 776 3446 A¹
835 3399 878 3448 24.
897 3389 979 3446 cauni
1001 3391 1030 3444 A
1048 3390 1132 3447 Carni

113 3463 260 3520 Barbarus
331 3470 374 3519 27.
394 3463 555 3534 adpennino
578 3464 619 3518 A¹
642 3462 805 3535 appennino
832 3461 868 3518 A*
942 3461 1114 3514 nte>qu
