2512 3824
395 186 578 244 cnonosn.
596 187 623 241 11
642 192 667 243 s.
687 193 703 243 o
722 190 849 257 (9949)
1080 185 1123 248 47

110 349 228 415 Portus
255 349 395 415 Veneris
423 355 474 416 est
501 350 569 415 sinc
598 351 667 415 salo
696 353 729 414 et
752 346 907 414 Cervaria
932 350 1024 416 locus
1052 347 1127 415 Gal·

110 439 175 505 bae
197 439 384 611 illimus
411 528 517 611 primo
545 527 621 592 hinc
649 528 684 592 in
711 525 936 591 Britannicum
963 527 1127 610 procurrit
1145 504 1178 630 εὖ

110 637 281 700 oceanum3
309 619 380 681 tum
406 617 442 680 in
468 615 708 681 terrasfrontc
733 636 905 680 conversus
932 614 1125 698 Hispaniam

80 704 282 789 sinrumpit,
310 709 344 770 et
370 705 494 770 minore
522 706 614 789 parte
642 704 776 768 eiusad
804 703 971 768 dexteram
997 705 1127 768 exclusa

108 792 212 858 trahit
238 797 398 877 perpetua
424 794 528 858 latera
555 793 742 876 continuus,
773 792 876 857 donec
906 814 969 876 per·
997 813 1127 857 omnem

108 881 311 965 provinciam
337 882 437 967 longo
468 881 574 947 limite
600 881 754 946 inmissus
788 881 823 944 in
849 903 889 946 aa
916 881 1017 946 litora
1044 902 1126 964 quae

77 1021 81 1027 a
109 969 269 1036 occidenti
292 973 369 1035 sunt
392 970 527 1036 adversa
554 969 730 1054 perveniat.
775 970 848 1052 ipsa
870 969 1031 1053 Hispania
1057 969 1122 1034 nisi
1145 984 1179 1034 ss

110 1080 174 1142 qua
192 1057 318 1123 Gallias
336 1059 446 1143 tangit
462 1059 580 1144 pelago
599 1058 742 1142 undique
760 1056 912 1142 incincta,
930 1062 964 1122 et
980 1058 1037 1122 ubi
1056 1058 1123 1122 illis

68 1163 96 1204 1⁰
109 1145 263 1212 adhaeret
286 1149 426 1212 maxime
450 1150 590 1232 angusta
612 1147 773 1231 paulatim
796 1167 830 1210 se
854 1147 889 1211 in
911 1147 1071 1213 Nostrum
1094 1151 1127 1210 et

109 1257 267 1302 oceanum
289 1258 380 1300 mare
403 1236 561 1317 extendit,
584 1235 754 1321 magisque
778 1239 811 1300 ct
833 1236 939 1321 magis
963 1235 1063 1301 latior
1085 1235 1125 1300 ad

109 1323 310 1390 occidentem
333 1325 404 1389 abit
425 1344 464 1389 ac
486 1323 525 1389 fit
546 1324 594 1389 ibi
616 1324 791 1408 latissima,
818 1324 897 1389 viris
924 1325 1015 1410 equis
1038 1323 1125 1389 ferro
1186 1400 1200 1410 p

108 1413 245 1496 plumbo
263 1433 336 1484 aere
355 1415 655 1499 argento‘auroque
674 1413 774 1477 etiam
794 1412 973 1495 abundans,
991 1416 1026 1477 et
1044 1413 1125 1477 adeo

109 1500 227 1566 fertilis
250 1504 288 1565 ut
316 1501 419 1567 sicubi
442 1501 484 1566 ob
513 1501 683 1585 penuriam
709 1523 867 1585 aquarum
895 1501 991 1564 effeta
1014 1521 1052 1564 ac
1076 1501 1126 1566 sui

67 1606 94 1646 1⁵
109 1588 279 1654 dissimilis
303 1593 363 1673 est,
384 1590 490 1654 linum
512 1594 624 1654 tamen
647 1591 704 1653 aut
726 1591 874 1672 spartum
898 1588 974 1653 alat.
1019 1587 1124 1652 tribus
1144 1606 1177 1657 8⁷

107 1681 217 1743 autem
241 1680 291 1744 est
313 1678 467 1744 distincta
488 1677 690 1761 nominibus,
716 1699 857 1762 parsque
881 1677 949 1742 eius
972 1677 1126 1742 Tarraco·

105 1767 225 1852 nensis,
242 1789 319 1851 pars
339 1766 482 1852 Baetica,
499 1789 576 1852 pars
595 1765 767 1831 Lusitania
784 1768 928 1832 vocatur.
969 1764 1125 1830 Tarraco-

106 1857 218 1920 nensis
255 1857 358 1922 altero
396 1857 502 1939 capite
535 1854 660 1927 Gallias
698 1855 803 1920 altero
832 1854 1001 1920 Baeticam
1033 1852 1126 1919 Lusi·

107 1943 297 2027 taniamque
326 1945 517 2028 contingens
541 1944 625 2006 mari
651 1944 757 2007 latera
784 1943 888 2008 obicit
909 1942 1032 2008 Nostro
1062 1965 1126 2026 qna

68 2047 95 2090 so
109 2029 292 2109 meridiem,
324 2052 389 2114 qua
421 2030 674 2114 septentrionem
707 2033 834 2115 spectat
865 2051 996 2095 oceano.
1049 2031 1125 2094 illas

108 2117 226 2183 fluvius
249 2117 340 2183 Anas
369 2121 512 2203 separat,
540 2121 574 2183 ct
600 2117 673 2184 idco
696 2117 831 2184 Baetica
857 2119 961 2183 maria
987 2121 1125 2204 utraque

107 2207 281 2291 prospicit,
319 2207 360 2272 ad
392 2207 591 2273 occidentem
622 2206 842 2287 Atlanticum,
879 2207 920 2272 ad
956 2207 1125 2273 meridiem

106 2294 275 2362 Nostrum.
320 2295 490 2363 Lusitania
512 2317 633 2362 oceano
656 2296 884 2362 tantummodo
915 2297 1042 2362 obiecta
1064 2300 1123 2380 est,

108 2384 163 2448 sed
177 2383 341 2451 latere‘ad
355 2385 604 2470 septentriones,
620 2385 729 2450 fronte
747 2385 790 2449 ad
808 2406 968 2450 occasum.
995 2383 1125 2449 urbium
1143 2400 1177 2450 ss

65 2488 93 2530 2⁵
107 2472 146 2537 de
173 2473 419 2539 mediterraneis
449 2474 485 2538 in
507 2472 744 2538 Tarraconensi
766 2473 966 2537 clarissimae
992 2472 1125 2536 fuerunt

105 2561 258 2625 Palantia
289 2564 323 2626 st
336 2572 339 2577 '
352 2560 546 2645 Numantia,
581 2581 668 2625 nunc
699 2564 751 2624 est
784 2558 1057 2646 Caesaraugusta3
1090 2561 1125 2626 in

106 2649 278 2715 Lusitania
303 2649 464 2734 Emerita,
490 2649 526 2714 in
552 2647 686 2714 Baetica
712 2648 859 2734 Hastigi,
885 2648 1018 2734 Hispal,
1046 2646 1124 2716 (lor-

107 2737 202 2805 duba.
257 2741 292 2804 at
324 2739 353 2804 si
384 2738 483 2804 litora
514 2738 620 2824 legas,
656 2760 676 2802 a
708 2735 863 2805 Cervaria
894 2739 1043 2824 proxima
1074 2743 1124 2804 est
1142 2755 1175 2805 89

106 2847 202 2910 rupes
230 2849 313 2912 quae
339 2827 375 2892 in
400 2827 504 2893 altum
526 2827 730 2912 Pyrenaeum
758 2828 912 2911 extrudit,
939 2829 1014 2892 dein
1037 2825 1123 2891 Ticis

64 2930 93 2972 ³0
106 2914 228 2980 flumen
259 2915 301 2980 ad
332 2915 497 3001 Rhodam,
528 2914 722 2982 Clodianum
755 2916 796 2980 ad
827 2915 1016 2999 Emporias,
1053 2918 1124 2978 tum

106 3023 200 3068 mons
227 3001 329 3089 Iovis,
360 3004 450 3070 ouius
482 3007 610 3088 partem
644 3003 804 3070 occidenti
832 3003 1017 3088 adversam,
1050 3003 1125 3068 emi-

105 3090 218 3157 nentia
251 3092 395 3158 cantium
423 3114 506 3177 quae
537 3092 624 3157 inter
651 3093 769 3177 exigua
800 3092 907 3177 spatia
933 3096 970 3158 ut
1003 3091 1123 3176 gradus

180 3254 203 3302 1.
228 3245 290 3301 sinu
314 3247 388 3302 salso
411 3249 440 3302 A
463 3248 523 3303 sine
551 3247 612 3302 salo
635 3249 735 3318 screpsi
810 3254 836 3303 3.
862 3247 893 3302 in
920 3248 984 3303 add.
1012 3246 1054 3300 A⁸

105 3317 298 3373 bruttanicum
314 3319 357 3374 A¹
374 3317 557 3374 brittanicum
575 3318 617 3374 A¹
678 3326 703 3374 ὁ.
722 3317 860 3390 inrumpit
876 3319 918 3373 A¹
936 3315 1066 3385 irrumpit
1083 3315 1124 3371 A·

164 3396 207 3446 30.
227 3389 373 3462 emporials
388 3392 416 3445 A
436 3391 503 3459 (suit
521 3394 545 3460 s)
606 3396 648 3446 31.
668 3389 743 3459 parti
761 3391 790 3444 A
809 3391 918 3460 partem
936 3406 957 3442 c
1015 3395 1048 3442 31
1077 3394 1121 3442 32.
1222 3401 1227 3413 s

107 3459 288 3516 eminentiam
306 3463 334 3516 A
407 3461 495 3532 gradu
514 3463 542 3516 A
