2512 3824
135 162 180 226 50
481 159 662 216 POMPONII
678 159 803 214 Mansa

75 325 171 392 100in
197 323 396 406 Propontide
422 326 552 388 tantum
581 321 804 388 Proconnesos
833 321 1013 385 habitatur.
1062 323 1156 386 extra

136 412 388 495 Hellespontum
407 432 518 476 earum
533 432 615 494 quae
629 409 785 476 Asiaticis
804 410 992 495 regionibus
1006 408 1157 474 adiacent

138 500 339 566 clarissimae
366 503 443 565 sunt
464 499 611 564 Tenedos
636 496 741 583 Sigeis
768 498 905 563 adversa
927 498 1093 580 litoribus,
1121 501 1156 563 et

137 609 200 673 quo
229 588 377 655 dicentur
404 588 517 653 ordine
545 587 586 652 ad
612 587 874 671 promunturium
903 585 1004 651 Tauri
1031 586 1155 651 montis

137 677 305 760 expositae
332 698 412 761 quas
446 675 578 761 quidam
607 675 670 740 dici
700 680 856 759 putavere
883 674 1052 759 Macaron,
1083 675 1183 739 sives

14 780 17 786 ’
138 765 224 850 quod
261 765 421 831 fortunati
458 763 631 830 admodum
668 764 750 828 caeli
787 763 914 848 solique
951 767 1044 847 sunt,
1086 763 1156 828 sive

138 855 224 939 quod
258 875 312 920 eas
344 875 403 919 suo
432 874 625 936 suorumque
657 871 758 936 regno
785 851 897 917 Macar
928 855 1157 935 occupaverat3

77 962 126 1011 101
137 942 174 1007 in
197 941 323 1007 Troade
346 940 470 1006 Lesbos
499 945 532 1006 et
558 942 593 1005 in
616 963 656 1006 ea
679 941 819 1025 quinque
843 941 921 1005 olim
945 939 1065 1024 oppida
1087 939 1156 1002 An·

137 1031 235 1115 tissa,
257 1029 397 1114 Pyrrha,
419 1028 553 1114 Eresos,
576 1028 780 1114 Methymna,
802 1028 974 1113 Mitylene,
1000 1029 1035 1092 in
1061 1026 1156 1093 Ionia

138 1116 237 1185 Chios
270 1122 304 1183 et
336 1115 464 1203 Samos,
496 1118 532 1182 in
558 1116 655 1184 Caria
686 1113 785 1201 Coos,
816 1118 851 1181 in
876 1117 980 1200 Lycia
1010 1115 1154 1181 Rhodos.
1169 1132 1198 1173 10

138 1206 171 1271 in
209 1205 276 1271 illis
314 1207 461 1290 singulae
500 1210 577 1271 sunt
611 1205 714 1271 isdem
736 1205 936 1271 ’nominibus
973 1205 1086 1288 urbes,
1122 1204 1158 1268 in

138 1293 256 1358 Rhodo
280 1296 347 1358 tres
371 1294 533 1378 quondam
557 1298 651 1358 erant
672 1293 808 1378 Lindos,
831 1292 992 1376 Caminos,
1019 1291 1157 1376 Ialysos.

77 1400 128 1452 102
139 1403 222 1466 quae
246 1385 359 1446 contra
377 1382 477 1447 Tauri
499 1383 759 1466 promunturium
778 1383 952 1466 inportune
974 1381 1157 1464 naviganti-

138 1470 200 1536 bus
229 1469 379 1536 obiacent
403 1467 613 1536 Chelidoniae
640 1471 857 1536 nominantur.
902 1471 937 1535 in
960 1471 1032 1534 sinu
1060 1490 1157 1552 quem

138 1558 317 1625 maximum
353 1559 434 1625 Asia
473 1560 596 1644 recepit
635 1581 737 1644 prope
778 1559 886 1624 media
927 1557 1072 1643 Cypros,
1112 1557 1153 1622 ad
1169 1573 1197 1614 1⁶

139 1650 247 1713 ortum
281 1669 495 1732 occasumque
533 1652 624 1713 recto
661 1648 738 1733 iugo
777 1669 812 1712 se
848 1647 1034 1731 inmittens,
1070 1646 1157 1710 inter

141 1733 293 1801 Ciliciam
322 1733 498 1819 Syriaeque
529 1736 719 1820 porrigitur,
751 1736 882 1820 ingens,
913 1739 951 1799 ut
982 1755 1064 1818 quae
1096 1734 1157 1798 ali-

140 1823 269 1906 quando
297 1844 415 1889 novem
442 1843 545 1909 regna
573 1824 694 1908 ceperit
724 1826 757 1887 et
786 1844 871 1888 nuno
904 1824 1028 1908 aliquot
1058 1823 1157 1887 urbes

138 1911 238 2013 ferat,
270 1933 407 1995 quarum
439 1911 641 1977 clarissimae
673 1909 828 1997 Salamis,
863 1911 994 1996 Paphos
1026 1914 1060 1976 st
1092 1931 1156 1994 quo

78 1999 1156 2173 10³tltttptttdttttttttltttttttttf
1169 2015 1197 2056 '⁰

139 2180 211 2241 tum
234 2180 327 2259 patet
347 2179 419 2242 tota
443 2178 609 2261 oppidum,
630 2177 781 2262 frequens
804 2181 928 2260 tamen,
956 2177 1034 2261 quia
1056 2177 1155 2241 etiarn

141 2285 239 2347 super
252 2264 358 2329 aliena
370 2268 458 2330 tecta
472 2265 581 2330 sedem
594 2286 715 2348 ponere
728 2266 813 2330 licet.
842 2287 944 2350 parva
958 2271 991 2330 et
1005 2263 1155 2349 Canopos

139 2350 210 2417 Nili
233 2352 321 2419 ostio
339 2353 426 2438 quod
444 2351 645 2437 Canopicum
662 2357 782 2419 vocant
799 2354 897 2419 obvia
915 2357 973 2418 est.
1016 2352 1156 2418 Menelai

140 2441 339 2526 gubernator
362 2439 514 2527 Canopus
537 2442 585 2507 ibi
606 2443 691 2508 forte
713 2443 855 2508 moriens
878 2464 998 2508 nomen
1020 2442 1197 2527 insulsam

77 2543 130 2593 104
139 2529 198 2594 illa
222 2531 307 2596 ostio
332 2530 430 2598 dedit
474 2530 601 2597 Pharos
624 2552 711 2596 nuno
728 2530 944 2596 Alexandriae
962 2533 1061 2614 ponte
1081 2552 1156 2596 con-

140 2617 297 2702 iungitur,
320 2619 409 2703 olim,
432 2623 469 2683 ut
487 2618 662 2685 Homerico
681 2621 824 2684 carmine
847 2619 1011 2703 proditum
1030 2623 1090 2702 est,
1112 2618 1155 2682 ab

139 2703 260 2770 eisdem
289 2706 357 2771 oris
384 2727 480 2771 cursu
507 2707 571 2772 diei
597 2708 699 2773 totins
723 2708 875 2792 abducta,
909 2711 942 2773 et
969 2708 997 2773 si
1024 2708 1071 2770 ita
1101 2726 1155 2768 res

136 2791 217 2878 fuit,
243 2792 346 2858 videri
369 2798 481 2878 potest
507 2796 771 2861 consectantibus
794 2797 829 2860 in
851 2800 980 2862 tantum
1008 2797 1154 2859 mutatae

137 2903 251 2948 causas
288 2880 402 2948 Nilum
438 2883 646 2968 praebuisse,
683 2883 760 2949 dum
796 2885 911 2949 limum
947 2882 1082 2948 subinde
1120 2886 1152 2947 et
1166 2900 1195 2940 ω

136 2971 311 3055 praecipue
334 2993 408 3038 cunr
428 2971 604 3038 exundaret
622 2972 712 3038 litori
731 2973 903 3038 adnectens
923 2975 1021 3058 anget
1038 2975 1154 3055 terras,

197 3151 233 3225 ¹3..
253 3143 356 3214 sigaeis
374 3145 402 3200 A
464 3151 491 3200 9.
508 3146 639 3227 pyrraA
702 3146 857 3226 erhssosA
921 3152 963 3201 12.
983 3160 1109 3247 camyros
1127 3144 1155 3197 A

194 3214 275 3269 rhsos
293 3215 322 3269 A
339 3215 447 3283 Ialysos
465 3233 482 3271 o
548 3222 590 3271 1³.
608 3217 757 3286 mportnne
774 3216 816 3269 A¹
834 3219 993 3287 rmportune
1011 3218 1040 3270 A
1112 3222 1154 3269 14.

137 3284 229 3339 sinum
239 3286 267 3340 A
323 3293 365 3342 16.
381 3301 411 3341 se
424 3285 569 3341 inmittens
583 3289 660 3342 recto
674 3287 742 3368 iugo
752 3288 780 3341 A
793 3289 871 3341 recto
884 3287 953 3357 iugo
967 3304 996 3343 se
1010 3286 1156 3341 inmittens

136 3357 641 3483 ‘scandalizasset
678 3356 1155 3484 sustantialis
