2512 3824
406 184 588 240 ofloaooa.
607 185 634 239 11
654 192 678 240 1.
698 188 845 255 r(o-1r)
1091 187 1132 252 31

117 350 231 435 epulas
263 351 345 434 quot
381 347 517 432 quisque
549 347 751 413 interfecerit
788 348 970 415 laetissima
1005 352 1038 414 et
1073 349 1135 416 fre

116 437 330 524 quentissima
361 436 498 522 mentio,
534 435 682 521 binisque
717 437 844 521 poculis
882 438 937 521 qui
972 438 1134 523 plurimos

115 526 273 593 rettulere
304 528 491 609 perpotant.
540 525 569 590 is
601 524 687 590 inter
713 525 852 591 iocantis
879 525 984 592 honos
1011 528 1134 611 praeci·

116 637 201 700 puus
225 617 283 680 est
327 614 445 699 pocula
467 615 505 678 ut
526 611 710 679 Essedones
734 615 933 699 parentium,
956 615 1005 680 ita
1027 615 1134 681 inimi-

89 703 322 771 ⁵cissimorum
340 702 503 786 capitibus
523 701 699 786 expoliunt.
732 702 818 786 apud
831 702 1134 788 Anthropophagos
1154 719 1188 770 14

116 794 209 877 ipsae
240 792 340 856 etiam
372 792 487 875 epulae
524 790 702 856 visceribus
735 791 888 857 humanis
926 797 1134 877 apparantur.

117 880 235 949 Geloni
256 879 401 946 hostium
424 880 552 944 cutibus
576 901 675 963 equos
699 901 796 964 seque
819 880 939 965 velant,
962 881 1036 946 illos
1059 882 1134 946 reli·

117 970 172 1055 qui
201 969 361 1054 corporis,
389 989 423 1033 se
452 968 605 1050 capitum.
647 967 904 1034 Melanchlaenis
932 973 1004 1035 atra
1031 972 1134 1036 restis

116 1063 150 1125 et
173 1079 212 1124 ex
235 1079 274 1123 ea
296 1077 429 1141 nomen,
455 1055 576 1122 Neuris
600 1060 723 1122 statum
752 1058 890 1142 singulis
918 1062 1048 1142 tempus
1074 1063 1134 1143 est,

74 1165 101 1205 10
115 1169 178 1232 quo
207 1146 236 1212 si
264 1145 366 1212 velint
393 1145 429 1209 in
456 1145 566 1229 lupos,
597 1145 779 1230 iterumque
806 1146 842 1211 in
874 1168 927 1212 eos
956 1148 1012 1231 qui
1044 1147 1134 1212 fuere

114 1239 291 1303 mutentur.
322 1233 412 1299 Mars
432 1234 579 1300 omnium
597 1234 691 1318 deus3
710 1235 741 1300 ei
759 1257 818 1318 pro
838 1235 1021 1300 simulacris
1041 1258 1133 1302 enses
1154 1250 1187 1300 15

116 1329 150 1390 et
167 1324 327 1394 cinctoria
344 1321 505 1405 dedicant,
523 1322 734 1408 hominesque
751 1345 812 1407 pro
831 1324 983 1389 victumis
1002 1324 1133 1391 feriunt.

115 1418 223 1478 terrae
241 1413 309 1477 late
326 1414 450 1496 patent,
472 1415 504 1476 et
523 1411 564 1477 ob
584 1412 772 1477 excedentia
790 1413 880 1497 ripas
899 1435 973 1478 suas
992 1413 1133 1497 plerum·

117 1523 179 1586 quo
201 1500 338 1567 flumina
363 1522 523 1584 nusquam
545 1522 613 1565 non
636 1500 677 1565 ad
699 1501 822 1584 pabula
844 1501 984 1584 fertiles,
1012 1502 1133 1567 alicubi

75 1605 103 1646 1⁵
116 1610 220 1675 usque
242 1611 280 1655 eo
304 1589 432 1655 steriles
456 1589 497 1654 ad
520 1593 636 1672 cetera,
657 1592 695 1654 ut
718 1589 775 1673 qui
791 1588 944 1654 habitant
966 1589 1133 1675 lignorum

117 1681 250 1764 egentes
273 1677 366 1762 ignes
390 1677 518 1744 ossibus
543 1678 642 1744 alant
1224 1690 1226 1695 '

203 1766 266 1832 His
286 1765 427 1833 Thracia
448 1766 598 1850 proxima
621 1769 681 1850 est,
703 1789 805 1851 eaque
829 1790 849 1831 a
866 1766 997 1832 Pontici
1018 1767 1132 1833 lateris
1152 1746 1187 1872 ᾗ

115 1854 223 1922 fronto
251 1877 354 1940 usque
381 1855 417 1919 in
439 1854 572 1939 Illyrios
600 1857 731 1939 penitus
759 1857 909 1938 inmissa,
937 1879 1002 1940 qua
1028 1856 1134 1922 latera

117 1945 188 2030 agit
213 1943 328 2010 Histro
356 1944 539 2029 pelagoque
568 1945 776 2029 contingitur.
826 1945 918 2028 regio
950 1967 1010 2009 neo
1043 1945 1132 2010 caelo

75 2049 104 2090 2⁰
116 2032 204 2098 laeta
220 2054 280 2098 nec
298 2032 379 2116 solo,
402 2037 436 2098 et
453 2032 519 2097 nisi
538 2055 602 2116 qua
619 2033 704 2097 mari
721 2033 856 2117 propior
875 2038 934 2116 est,
951 2032 1134 2118 infecunda,

116 2121 252 2206 frigida,
283 2143 458 2206 eorumque
487 2143 569 2205 quae
597 2124 749 2187 seruntur
781 2121 925 2205 maligne
958 2121 1133 2186 admodum

115 2210 259 2295 patiens,
285 2232 361 2276 raro
384 2232 521 2294 usquam
544 2210 736 2294 pomiferam
760 2211 924 2294 arborem,
947 2210 1048 2275 vitem
1070 2210 1132 2275 fre·

116 2299 269 2383 quentius
292 2300 425 2365 tolerat:
450 2300 505 2364 sed
523 2321 583 2365 nec
607 2299 675 2364 eius
695 2299 824 2384 quidem
845 2298 970 2364 fructus
989 2303 1134 2364 maturat

117 2409 154 2453 ac
185 2387 336 2474 mitigat,
371 2388 436 2453 nisi
467 2389 525 2453 ubi
556 2387 682 2472 frigora
713 2388 843 2452 obiectu
875 2387 1040 2451 frondium
1068 2387 1133 2451 oul-

74 2492 102 2533 ’ὁ
116 2480 204 2542 toros
227 2498 368 2543 arcuere.
412 2477 501 2542 viros
528 2477 701 2562 benignius
731 2475 805 2559 alit,
832 2496 900 2540 non
922 2474 964 2539 ad
992 2475 1133 2559 speciem

116 2568 244 2644 tamen,
280 2587 358 2631 nam
392 2570 426 2631 et
461 2565 529 2630 illis
565 2586 661 2648 asper
696 2569 793 2648 atque
829 2563 981 2629 indecens
1020 2585 1132 2648 corpo·

114 2675 188 2719 rum
214 2652 347 2719 habitus
376 2658 438 2738 est,
470 2657 613 2719 ceterum
646 2653 687 2718 ad
709 2652 864 2719 ferociam
893 2656 926 2717 et
953 2674 1133 2737 numerum,

115 2747 153 2807 ut
188 2743 286 2809 multi
321 2743 529 2826 immitesque
566 2746 641 2807 sunt
677 2743 818 2808 maxime
854 2741 952 2808 ferax.
1011 2763 1132 2826 paucos
1153 2755 1185 2805 17

116 2831 220 2896 amnis
253 2831 309 2916 qui
340 2832 375 2896 in
406 2832 542 2916 pelagus
576 2832 729 2916 evadunt,
761 2853 872 2897 verum
903 2831 1131 2896 celeberrimos

71 2934 102 2975 ⁸⁰
115 2918 261 2985 Hebrum
290 2922 323 2984 et
344 2919 473 2986 Neston
500 2927 529 2986 et
551 2918 726 3004 Strymona
754 2919 884 2984 emittit.
929 2923 1058 2983 montes
1084 2918 1133 2981 in·

187 3119 211 3166 1.
226 3114 297 3180 quot
310 3113 351 3166 A¹
369 3129 438 3168 corr.
493 3111 669 3166 interfecerit
685 3109 789 3164 referre
806 3110 835 3173 A
853 3107 957 3164 referre
975 3111 1060 3165 delevi

114 3188 139 3239 8.
158 3185 312 3253 perpotunt
324 3184 365 3238 A¹
383 3185 517 3253 perpotet
530 3182 572 3237 Α*
626 3180 747 3236 locantis
766 3181 794 3235 A
812 3179 932 3235 iocantis
951 3182 1052 3248 scripsi
1105 3186 1130 3233 4.

112 3254 256 3326 poculalsfs
268 3254 295 3307 A
362 3261 387 3311 5.
403 3254 478 3325 apud
492 3254 532 3309 A¹
547 3271 615 3310 corr.
681 3260 722 3308 11.
737 3255 767 3306 et
780 3253 807 3306 A
821 3251 878 3308 eic
942 3258 983 3307 12.
999 3250 1133 3303 tinctoris

113 3325 142 3379 A
164 3323 302 3380 cinctoria
323 3343 343 3381 rc
416 3332 457 3380 17.
481 3341 609 3394 eaquae
632 3326 660 3379 A
683 3340 771 3392 eaque
793 3342 811 3379 o
886 3329 929 3377 20.
951 3320 1082 3390 proprior
1103 3323 1132 3375 A

186 3402 229 3451 23.
248 3396 372 3452 tolerant
389 3396 417 3449 A
489 3403 532 3451 25.
551 3412 667 3465 arguere
686 3396 714 3449 A
786 3401 831 3449 30.
848 3393 974 3446 neum
988 3396 1025 3443 an
1034 3392 1153 3442 unsrun

114 3468 259 3538 strymona
276 3468 304 3521 A
317 3467 442 3522 Hebrum
460 3469 491 3522 et
508 3466 622 3523 Neston
640 3469 672 3523 et
688 3465 854 3535 Strumosis.
868 3481 887 3517 n
