<?xml version="1.0" encoding="UTF-8"?>
<!DOCTYPE html PUBLIC "-//W3C//DTD XHTML 1.0 Transitional//EN"
    "http://www.w3.org/TR/xhtml1/DTD/xhtml1-transitional.dtd">
<html xmlns="http://www.w3.org/1999/xhtml" xml:lang="en" lang="en">
 <head>
  <title>
</title>
<meta http-equiv="Content-Type" content="text/html;charset=utf-8" />
  <meta name='ocr-system' content='tesseract 3.04.00' />
  <meta name='ocr-capabilities' content='ocr_page ocr_carea ocr_par ocr_line ocrx_word'/>
</head>
<body>
  <div class='ocr_page' id='page_1' title='image "./pomponiimelaede08melagoog_0019.png"; bbox 0 0 2512 3824; ppageno 0'>
   <div class='ocr_carea' id='block_1_1' title="bbox 152 162 818 227">
    <p class='ocr_par' dir='ltr' id='par_1_1' title="bbox 152 162 818 227">
     <span class='ocr_line' id='line_1_1' title="bbox 152 162 818 227; baseline 0.006 -14"><span class='ocrx_word' id='word_1_1' title='bbox 152 164 172 227; x_wconf 81' lang='lat'><strong>2</strong></span> <span class='ocrx_word' id='word_1_2' title='bbox 498 162 676 225; x_wconf 86' lang='lat' dir='ltr'>POMPONII</span> <span class='ocrx_word' id='word_1_3' title='bbox 694 163 818 220; x_wconf 82' lang='lat' dir='ltr'><strong><em>MELAE</em></strong></span> 
     </span>
    </p>
   </div>
   <div class='ocr_carea' id='block_1_2' title="bbox 106 324 1208 2973">
    <p class='ocr_par' dir='ltr' id='par_1_2' title="bbox 150 324 1167 413">
     <span class='ocr_line' id='line_1_2' title="bbox 150 324 1167 413; baseline 0.004 -21"><span class='ocrx_word' id='word_1_4' title='bbox 150 324 294 410; x_wconf 90' lang='lat' dir='ltr'>undique</span> <span class='ocrx_word' id='word_1_5' title='bbox 324 326 420 406; x_wconf 87' lang='lat' dir='ltr'>mari,</span> <span class='ocrx_word' id='word_1_6' title='bbox 451 325 629 412; x_wconf 89' lang='lat' dir='ltr'>eodemque</span> <span class='ocrx_word' id='word_1_7' title='bbox 656 326 691 391; x_wconf 92' lang='lat' dir='ltr'>in</span> <span class='ocrx_word' id='word_1_8' title='bbox 723 325 786 394; x_wconf 90' lang='lat' dir='ltr'>duo</span> <span class='ocrx_word' id='word_1_9' title='bbox 817 327 922 392; x_wconf 79' lang='lat' dir='ltr'>latera</span> <span class='ocrx_word' id='word_1_10' title='bbox 951 349 1034 413; x_wconf 83' lang='lat' dir='ltr'>quoe</span> <span class='ocrx_word' id='word_1_11' title='bbox 1065 330 1167 396; x_wconf 88' lang='lat' dir='ltr'>hemi-</span> 
     </span>
    </p>

    <p class='ocr_par' dir='ltr' id='par_1_3' title="bbox 106 413 1205 858">
     <span class='ocr_line' id='line_1_3' title="bbox 106 413 1164 500; baseline 0.006 -22"><span class='ocrx_word' id='word_1_12' title='bbox 106 457 109 461; x_wconf 86' lang='lat'>·</span> <span class='ocrx_word' id='word_1_13' title='bbox 131 413 302 500; x_wconf 77' lang='lat' dir='ltr'>sphaeris</span> <span class='ocrx_word' id='word_1_14' title='bbox 319 415 490 480; x_wconf 81' lang='lat' dir='ltr'>nominent</span> <span class='ocrx_word' id='word_1_15' title='bbox 514 416 554 480; x_wconf 86' lang='lat' dir='ltr'>sb</span> <span class='ocrx_word' id='word_1_16' title='bbox 575 415 699 481; x_wconf 90' lang='lat' dir='ltr'>oriente</span> <span class='ocrx_word' id='word_1_17' title='bbox 722 414 826 480; x_wconf 86' lang='lat' dir='ltr'>divisa</span> <span class='ocrx_word' id='word_1_18' title='bbox 845 414 887 480; x_wconf 84' lang='lat' dir='ltr'>ad</span> <span class='ocrx_word' id='word_1_19' title='bbox 906 437 1055 483; x_wconf 88' lang='lat' dir='ltr'>occasum</span> <span class='ocrx_word' id='word_1_20' title='bbox 1073 420 1164 484; x_wconf 85' lang='lat' dir='ltr'>zonis</span> 
     </span>
     <span class='ocr_line' id='line_1_4' title="bbox 151 500 1166 592; baseline 0.007 -26"><span class='ocrx_word' id='word_1_21' title='bbox 151 503 292 587; x_wconf 88' lang='lat' dir='ltr'>quinque</span> <span class='ocrx_word' id='word_1_22' title='bbox 319 500 540 590; x_wconf 71' lang='lat' dir='ltr'><strong>distinguitur.</strong></span> <span class='ocrx_word' id='word_1_23' title='bbox 587 503 726 568; x_wconf 84' lang='lat' dir='ltr'>mediam</span> <span class='ocrx_word' id='word_1_24' title='bbox 750 507 859 568; x_wconf 82' lang='lat' dir='ltr'>aestus</span> <span class='ocrx_word' id='word_1_25' title='bbox 882 503 1033 590; x_wconf 82' lang='lat' dir='ltr'>infestet,</span> <span class='ocrx_word' id='word_1_26' title='bbox 1061 506 1166 592; x_wconf 89' lang='lat' dir='ltr'>frigus</span> 
     </span>
     <span class='ocr_line' id='line_1_5' title="bbox 150 591 1164 680; baseline 0.006 -25"><span class='ocrx_word' id='word_1_27' title='bbox 150 591 296 677; x_wconf 72' lang='lat' dir='ltr'>ultimas,</span> <span class='ocrx_word' id='word_1_28' title='bbox 314 591 458 675; x_wconf 83' lang='lat' dir='ltr'>reliquae</span> <span class='ocrx_word' id='word_1_29' title='bbox 472 591 672 656; x_wconf 83' lang='lat' dir='ltr'>habitabiles</span> <span class='ocrx_word' id='word_1_30' title='bbox 686 591 779 675; x_wconf 87' lang='lat' dir='ltr'>paria</span> <span class='ocrx_word' id='word_1_31' title='bbox 793 595 896 676; x_wconf 87' lang='lat' dir='ltr'>agunt</span> <span class='ocrx_word' id='word_1_32' title='bbox 915 595 993 658; x_wconf 85' lang='lat' dir='ltr'>enni</span> <span class='ocrx_word' id='word_1_33' title='bbox 1007 599 1164 680; x_wconf 81' lang='lat' dir='ltr'>ternpore,</span> 
     </span>
     <span class='ocr_line' id='line_1_6' title="bbox 150 678 1205 765; baseline 0.006 -22"><span class='ocrx_word' id='word_1_34' title='bbox 150 701 262 744; x_wconf 86' lang='lat' dir='ltr'>verum</span> <span class='ocrx_word' id='word_1_35' title='bbox 280 701 347 747; x_wconf 90' lang='lat' dir='ltr'>non</span> <span class='ocrx_word' id='word_1_36' title='bbox 364 681 497 764; x_wconf 82' lang='lat' dir='ltr'>pariter.</span> <span class='ocrx_word' id='word_1_37' title='bbox 533 678 763 745; x_wconf 81' lang='lat' dir='ltr'>antichthones</span> <span class='ocrx_word' id='word_1_38' title='bbox 783 679 929 765; x_wconf 80' lang='lat' dir='ltr'>alteram,</span> <span class='ocrx_word' id='word_1_39' title='bbox 947 703 1007 748; x_wconf 90' lang='lat' dir='ltr'>nos</span> <span class='ocrx_word' id='word_1_40' title='bbox 1027 684 1165 750; x_wconf 86' lang='lat' dir='ltr'>alteram</span> <span class='ocrx_word' id='word_1_41' title='bbox 1192 701 1205 742; x_wconf 79' lang='lat'>⁵</span> 
     </span>
     <span class='ocr_line' id='line_1_7' title="bbox 149 765 1166 858; baseline 0.006 -26"><span class='ocrx_word' id='word_1_42' title='bbox 149 768 330 834; x_wconf 88' lang='lat' dir='ltr'>incolimus.</span> <span class='ocrx_word' id='word_1_43' title='bbox 366 769 455 834; x_wconf 91' lang='lat' dir='ltr'>illius</span> <span class='ocrx_word' id='word_1_44' title='bbox 475 768 556 832; x_wconf 90' lang='lat' dir='ltr'>situs</span> <span class='ocrx_word' id='word_1_45' title='bbox 574 768 615 832; x_wconf 91' lang='lat' dir='ltr'>ob</span> <span class='ocrx_word' id='word_1_46' title='bbox 635 765 784 833; x_wconf 83' lang='lat' dir='ltr'>ardorem</span> <span class='ocrx_word' id='word_1_47' title='bbox 797 768 1028 836; x_wconf 72' lang='lat' dir='ltr'>intercedentis</span> <span class='ocrx_word' id='word_1_48' title='bbox 1046 773 1166 858; x_wconf 85' lang='lat' dir='ltr'>plegae</span> 
     </span>
    </p>

    <p class='ocr_par' dir='ltr' id='par_1_4' title="bbox 115 855 1208 1293">
     <span class='ocr_line' id='line_1_8' title="bbox 115 855 1167 943; baseline 0.006 -23"><span class='ocrx_word' id='word_1_49' title='bbox 115 857 349 943; x_wconf 82' lang='lat' dir='ltr'>oincognitus,</span> <span class='ocrx_word' id='word_1_50' title='bbox 380 856 477 921; x_wconf 91' lang='lat' dir='ltr'>huius</span> <span class='ocrx_word' id='word_1_51' title='bbox 505 855 658 920; x_wconf 89' lang='lat' dir='ltr'>dicendus</span> <span class='ocrx_word' id='word_1_52' title='bbox 686 859 745 920; x_wconf 87' lang='lat' dir='ltr'>est.</span> <span class='ocrx_word' id='word_1_53' title='bbox 794 855 874 921; x_wconf 89' lang='lat' dir='ltr'>haec</span> <span class='ocrx_word' id='word_1_54' title='bbox 906 878 984 942; x_wconf 91' lang='lat' dir='ltr'>ergo</span> <span class='ocrx_word' id='word_1_55' title='bbox 1018 860 1060 924; x_wconf 81' lang='lat' dir='ltr'>ab</span> <span class='ocrx_word' id='word_1_56' title='bbox 1093 865 1167 927; x_wconf 90' lang='lat' dir='ltr'>ortu</span> 
     </span>
     <span class='ocr_line' id='line_1_9' title="bbox 149 943 1166 1033; baseline 0.004 -23"><span class='ocrx_word' id='word_1_57' title='bbox 149 948 299 1029; x_wconf 83' lang='lat' dir='ltr'>porrecte</span> <span class='ocrx_word' id='word_1_58' title='bbox 318 944 359 1009; x_wconf 85' lang='lat' dir='ltr'>ad</span> <span class='ocrx_word' id='word_1_59' title='bbox 377 966 536 1028; x_wconf 84' lang='lat' dir='ltr'>occasum,</span> <span class='ocrx_word' id='word_1_60' title='bbox 560 948 593 1008; x_wconf 92' lang='lat' dir='ltr'>et</span> <span class='ocrx_word' id='word_1_61' title='bbox 617 943 694 1030; x_wconf 86' lang='lat' dir='ltr'>quis</span> <span class='ocrx_word' id='word_1_62' title='bbox 712 944 759 1008; x_wconf 89' lang='lat' dir='ltr'>sic</span> <span class='ocrx_word' id='word_1_63' title='bbox 777 944 863 1009; x_wconf 86' lang='lat' dir='ltr'>iacet</span> <span class='ocrx_word' id='word_1_64' title='bbox 880 945 1049 1030; x_wconf 82' lang='lat' dir='ltr'>aliquanto</span> <span class='ocrx_word' id='word_1_65' title='bbox 1069 971 1166 1033; x_wconf 88' lang='lat' dir='ltr'>quam</span> 
     </span>
     <span class='ocr_line' id='line_1_10' title="bbox 150 1031 1167 1121; baseline 0.004 -23"><span class='ocrx_word' id='word_1_66' title='bbox 150 1034 209 1098; x_wconf 82' lang='lat' dir='ltr'>ubi</span> <span class='ocrx_word' id='word_1_67' title='bbox 227 1033 389 1098; x_wconf 83' lang='lat' dir='ltr'>latissima</span> <span class='ocrx_word' id='word_1_68' title='bbox 408 1036 458 1098; x_wconf 91' lang='lat' dir='ltr'>est</span> <span class='ocrx_word' id='word_1_69' title='bbox 476 1032 614 1117; x_wconf 83' lang='lat' dir='ltr'>longior,</span> <span class='ocrx_word' id='word_1_70' title='bbox 638 1031 781 1097; x_wconf 88' lang='lat' dir='ltr'>ambitur</span> <span class='ocrx_word' id='word_1_71' title='bbox 799 1032 904 1097; x_wconf 90' lang='lat' dir='ltr'>omnis</span> <span class='ocrx_word' id='word_1_72' title='bbox 923 1055 1053 1117; x_wconf 87' lang='lat' dir='ltr'>oceano,</span> <span class='ocrx_word' id='word_1_73' title='bbox 1077 1042 1167 1121; x_wconf 82' lang='lat' dir='ltr'>quat</span> 
     </span>
     <span class='ocr_line' id='line_1_11' title="bbox 151 1120 1208 1207; baseline 0.003 -21"><span class='ocrx_word' id='word_1_74' title='bbox 151 1126 290 1205; x_wconf 92' lang='lat' dir='ltr'>tuorque</span> <span class='ocrx_word' id='word_1_75' title='bbox 318 1143 357 1186; x_wconf 87' lang='lat' dir='ltr'>ex</span> <span class='ocrx_word' id='word_1_76' title='bbox 381 1142 418 1188; x_wconf 92' lang='lat' dir='ltr'>eo</span> <span class='ocrx_word' id='word_1_77' title='bbox 442 1121 547 1188; x_wconf 81' lang='lat' dir='ltr'>merie</span> <span class='ocrx_word' id='word_1_78' title='bbox 568 1120 698 1207; x_wconf 82' lang='lat' dir='ltr'>reeipit3</span> <span class='ocrx_word' id='word_1_79' title='bbox 725 1141 826 1187; x_wconf 89' lang='lat' dir='ltr'>unum</span> <span class='ocrx_word' id='word_1_80' title='bbox 849 1141 870 1188; x_wconf 87' lang='lat' dir='ltr'>a</span> <span class='ocrx_word' id='word_1_81' title='bbox 891 1123 1125 1207; x_wconf 70' lang='lat' dir='ltr'>septentrione,</span> <span class='ocrx_word' id='word_1_82' title='bbox 1149 1142 1208 1189; x_wconf 86' lang='lat' dir='ltr'>a10</span> 
     </span>
     <span class='ocr_line' id='line_1_12' title="bbox 151 1206 1167 1293; baseline 0.004 -21"><span class='ocrx_word' id='word_1_83' title='bbox 151 1206 287 1275; x_wconf 88' lang='lat' dir='ltr'>meridie</span> <span class='ocrx_word' id='word_1_84' title='bbox 310 1209 384 1293; x_wconf 92' lang='lat' dir='ltr'>duo,</span> <span class='ocrx_word' id='word_1_85' title='bbox 407 1212 559 1293; x_wconf 79' lang='lat' dir='ltr'>quartum</span> <span class='ocrx_word' id='word_1_86' title='bbox 583 1208 624 1273; x_wconf 88' lang='lat' dir='ltr'>ab</span> <span class='ocrx_word' id='word_1_87' title='bbox 647 1229 772 1274; x_wconf 86' lang='lat' dir='ltr'>ocossu.</span> <span class='ocrx_word' id='word_1_88' title='bbox 817 1209 883 1273; x_wconf 92' lang='lat' dir='ltr'>suis</span> <span class='ocrx_word' id='word_1_89' title='bbox 902 1208 982 1274; x_wconf 91' lang='lat' dir='ltr'>locis</span> <span class='ocrx_word' id='word_1_90' title='bbox 1006 1209 1064 1274; x_wconf 87' lang='lat' dir='ltr'>ills</span> <span class='ocrx_word' id='word_1_91' title='bbox 1086 1211 1167 1276; x_wconf 85' lang='lat' dir='ltr'>refe-</span> 
     </span>
    </p>

    <p class='ocr_par' dir='ltr' id='par_1_5' title="bbox 119 1296 1207 2090">
     <span class='ocr_line' id='line_1_13' title="bbox 119 1296 1167 1383; baseline 0.003 -23"><span class='ocrx_word' id='word_1_92' title='bbox 119 1299 275 1361; x_wconf 87' lang='lat' dir='ltr'>orentur.</span> <span class='ocrx_word' id='word_1_93' title='bbox 325 1296 388 1362; x_wconf 89' lang='lat' dir='ltr'>hoc</span> <span class='ocrx_word' id='word_1_94' title='bbox 419 1297 561 1380; x_wconf 89' lang='lat' dir='ltr'>primum</span> <span class='ocrx_word' id='word_1_95' title='bbox 589 1300 764 1383; x_wconf 86' lang='lat' dir='ltr'>angustum</span> <span class='ocrx_word' id='word_1_96' title='bbox 795 1317 854 1361; x_wconf 91' lang='lat' dir='ltr'>nec</span> <span class='ocrx_word' id='word_1_97' title='bbox 885 1297 1024 1381; x_wconf 88' lang='lat' dir='ltr'>amplius</span> <span class='ocrx_word' id='word_1_98' title='bbox 1057 1296 1167 1363; x_wconf 88' lang='lat' dir='ltr'>decem</span> 
     </span>
     <span class='ocr_line' id='line_1_14' title="bbox 151 1384 1167 1470; baseline 0.002 -21"><span class='ocrx_word' id='word_1_99' title='bbox 151 1384 286 1450; x_wconf 90' lang='lat' dir='ltr'>milibus</span> <span class='ocrx_word' id='word_1_100' title='bbox 300 1407 454 1470; x_wconf 82' lang='lat' dir='ltr'>passuum</span> <span class='ocrx_word' id='word_1_101' title='bbox 473 1388 590 1469; x_wconf 87' lang='lat' dir='ltr'>patens</span> <span class='ocrx_word' id='word_1_102' title='bbox 608 1389 712 1450; x_wconf 86' lang='lat' dir='ltr'>terras</span> <span class='ocrx_word' id='word_1_103' title='bbox 727 1386 833 1470; x_wconf 88' lang='lat' dir='ltr'>sperit</span> <span class='ocrx_word' id='word_1_104' title='bbox 846 1389 943 1470; x_wconf 88' lang='lat' dir='ltr'>atque</span> <span class='ocrx_word' id='word_1_105' title='bbox 955 1385 1065 1452; x_wconf 84' lang='lat' dir='ltr'>intrat.</span> <span class='ocrx_word' id='word_1_106' title='bbox 1096 1390 1167 1451; x_wconf 90' lang='lat' dir='ltr'>tum</span> 
     </span>
     <span class='ocr_line' id='line_1_15' title="bbox 151 1473 1168 1559; baseline 0.002 -21"><span class='ocrx_word' id='word_1_107' title='bbox 151 1475 251 1559; x_wconf 92' lang='lat' dir='ltr'>longe</span> <span class='ocrx_word' id='word_1_108' title='bbox 280 1474 410 1559; x_wconf 88' lang='lat' dir='ltr'>lateque</span> <span class='ocrx_word' id='word_1_109' title='bbox 443 1473 594 1540; x_wconf 86' lang='lat' dir='ltr'>diffusum</span> <span class='ocrx_word' id='word_1_110' title='bbox 622 1473 728 1559; x_wconf 81' lang='lat' dir='ltr'>abigit</span> <span class='ocrx_word' id='word_1_111' title='bbox 758 1476 850 1538; x_wconf 82' lang='lat' dir='ltr'>veste</span> <span class='ocrx_word' id='word_1_112' title='bbox 881 1474 1029 1540; x_wconf 78' lang='lat' dir='ltr'>cedentia</span> <span class='ocrx_word' id='word_1_113' title='bbox 1060 1475 1168 1559; x_wconf 84' lang='lat' dir='ltr'>litora,</span> 
     </span>
     <span class='ocr_line' id='line_1_16' title="bbox 152 1562 1207 1648; baseline 0.002 -20"><span class='ocrx_word' id='word_1_114' title='bbox 152 1563 334 1648; x_wconf 82' lang='lat' dir='ltr'>iisdemque</span> <span class='ocrx_word' id='word_1_115' title='bbox 357 1584 397 1628; x_wconf 83' lang='lat' dir='ltr'>ex</span> <span class='ocrx_word' id='word_1_116' title='bbox 419 1562 546 1629; x_wconf 85' lang='lat' dir='ltr'>diverso</span> <span class='ocrx_word' id='word_1_117' title='bbox 569 1583 671 1647; x_wconf 86' lang='lat' dir='ltr'>prope</span> <span class='ocrx_word' id='word_1_118' title='bbox 690 1563 880 1629; x_wconf 85' lang='lat' dir='ltr'>co&#39;e‘untibus</span> <span class='ocrx_word' id='word_1_119' title='bbox 899 1562 979 1631; x_wconf 77' lang='lat' dir='ltr'>odeo</span> <span class='ocrx_word' id='word_1_120' title='bbox 1002 1563 1038 1628; x_wconf 91' lang='lat' dir='ltr'>in</span> <span class='ocrx_word' id='word_1_121' title='bbox 1061 1567 1167 1630; x_wconf 85' lang='lat' dir='ltr'>artum</span> <span class='ocrx_word' id='word_1_122' title='bbox 1182 1582 1207 1623; x_wconf 78' lang='lat'>1⁶</span> 
     </span>
     <span class='ocr_line' id='line_1_17' title="bbox 153 1651 1169 1823; baseline 0 -18"><span class='ocrx_word' id='word_1_123' title='bbox 153 1651 1169 1823; x_wconf 46' lang='lat' dir='ltr'>srtssiutsst0sttssffinsissttuite</span> 
     </span>
     <span class='ocr_line' id='line_1_18' title="bbox 153 1760 1166 1913; baseline 0.002 -21"><span class='ocrx_word' id='word_1_124' title='bbox 153 1828 256 1893; x_wconf 84' lang='lat' dir='ltr'>artius</span> <span class='ocrx_word' id='word_1_125' title='bbox 277 1828 344 1896; x_wconf 86' lang='lat' dir='ltr'>exit</span> <span class='ocrx_word' id='word_1_126' title='bbox 361 1827 398 1892; x_wconf 92' lang='lat' dir='ltr'>in</span> <span class='ocrx_word' id='word_1_127' title='bbox 416 1828 566 1912; x_wconf 84' lang='lat' dir='ltr'>spatium.</span> <span class='ocrx_word' id='word_1_128' title='bbox 610 1789 674 1912; x_wconf 69' lang='lat' dir='ltr'>qud</span> <span class='ocrx_word' id='word_1_129' title='bbox 693 1848 767 1893; x_wconf 89' lang='lat' dir='ltr'>cum</span> <span class='ocrx_word' id='word_1_130' title='bbox 785 1760 836 1892; x_wconf 70' lang='lat' dir='ltr'>eqst</span> <span class='ocrx_word' id='word_1_131' title='bbox 854 1830 1029 1911; x_wconf 79' lang='lat' dir='ltr'>acceptum,</span> <span class='ocrx_word' id='word_1_132' title='bbox 1051 1828 1166 1913; x_wconf 91' lang='lat' dir='ltr'>ingens</span> 
     </span>
     <span class='ocr_line' id='line_1_19' title="bbox 150 1915 1167 2002; baseline 0 -21"><span class='ocrx_word' id='word_1_133' title='bbox 150 1916 270 1985; x_wconf 83' lang='lat' dir='ltr'>iterum</span> <span class='ocrx_word' id='word_1_134' title='bbox 298 1920 332 1983; x_wconf 90' lang='lat' dir='ltr'>et</span> <span class='ocrx_word' id='word_1_135' title='bbox 358 1935 479 2002; x_wconf 89' lang='lat' dir='ltr'>magno</span> <span class='ocrx_word' id='word_1_136' title='bbox 506 1938 570 1978; x_wconf 73' lang='lat' dir='ltr'>ss*</span> <span class='ocrx_word' id='word_1_137' title='bbox 598 1919 632 1980; x_wconf 89' lang='lat' dir='ltr'>et</span> <span class='ocrx_word' id='word_1_138' title='bbox 658 1915 770 2000; x_wconf 83' lang='lat' dir='ltr'>paludi</span> <span class='ocrx_word' id='word_1_139' title='bbox 796 1919 939 1983; x_wconf 88' lang='lat' dir='ltr'>ceterum</span> <span class='ocrx_word' id='word_1_140' title='bbox 967 1916 1084 2002; x_wconf 86' lang='lat' dir='ltr'>exiguo</span> <span class='ocrx_word' id='word_1_141' title='bbox 1112 1938 1167 1983; x_wconf 90' lang='lat' dir='ltr'>ore</span> 
     </span>
     <span class='ocr_line' id='line_1_20' title="bbox 151 2003 1207 2090; baseline -0.005 -20"><span class='ocrx_word' id='word_1_142' title='bbox 151 2005 368 2090; x_wconf 88' lang='lat' dir='ltr'>coniungitur.</span> <span class='ocrx_word' id='word_1_143' title='bbox 417 2005 451 2070; x_wconf 92' lang='lat' dir='ltr'>id</span> <span class='ocrx_word' id='word_1_144' title='bbox 480 2026 575 2071; x_wconf 90' lang='lat' dir='ltr'>omne</span> <span class='ocrx_word' id='word_1_145' title='bbox 606 2026 670 2090; x_wconf 81' lang='lat' dir='ltr'>qus</span> <span class='ocrx_word' id='word_1_146' title='bbox 696 2004 786 2071; x_wconf 80' lang='lat' dir='ltr'>venit</span> <span class='ocrx_word' id='word_1_147' title='bbox 813 2025 940 2089; x_wconf 85' lang='lat' dir='ltr'>qusque</span> <span class='ocrx_word' id='word_1_148' title='bbox 968 2003 1167 2090; x_wconf 81' lang='lat' dir='ltr'>dispergitur</span> <span class='ocrx_word' id='word_1_149' title='bbox 1181 2025 1207 2065; x_wconf 79' lang='lat' dir='ltr'>so</span> 
     </span>
    </p>

    <p class='ocr_par' dir='ltr' id='par_1_6' title="bbox 117 2092 1206 2708">
     <span class='ocr_line' id='line_1_21' title="bbox 117 2092 1167 2180; baseline 0.002 -22"><span class='ocrx_word' id='word_1_150' title='bbox 117 2110 216 2160; x_wconf 74' lang='lat' dir='ltr'>iuno</span> <span class='ocrx_word' id='word_1_151' title='bbox 243 2094 402 2161; x_wconf 80' lang='lat' dir='ltr'>vocabulo</span> <span class='ocrx_word' id='word_1_152' title='bbox 429 2092 588 2161; x_wconf 89' lang='lat' dir='ltr'>Nostrum</span> <span class='ocrx_word' id='word_1_153' title='bbox 621 2115 710 2167; x_wconf 80' lang='lat' dir='ltr'>mere</span> <span class='ocrx_word' id='word_1_154' title='bbox 741 2092 869 2159; x_wconf 87' lang='lat' dir='ltr'>dicitur.</span> <span class='ocrx_word' id='word_1_155' title='bbox 919 2093 1088 2180; x_wconf 78' lang='lat' dir='ltr'>angustias</span> <span class='ocrx_word' id='word_1_156' title='bbox 1120 2095 1167 2160; x_wconf 91' lang='lat' dir='ltr'>in·</span> 
     </span>
     <span class='ocr_line' id='line_1_22' title="bbox 150 2179 1167 2268; baseline -0.005 -17"><span class='ocrx_word' id='word_1_157' title='bbox 150 2182 351 2268; x_wconf 74' lang='lat' dir='ltr'>troitumque</span> <span class='ocrx_word' id='word_1_158' title='bbox 383 2182 542 2248; x_wconf 88' lang='lat' dir='ltr'>venientis</span> <span class='ocrx_word' id='word_1_159' title='bbox 578 2202 638 2246; x_wconf 91' lang='lat' dir='ltr'>nos</span> <span class='ocrx_word' id='word_1_160' title='bbox 670 2181 804 2259; x_wconf 81' lang='lat' dir='ltr'>fretum,</span> <span class='ocrx_word' id='word_1_161' title='bbox 842 2179 957 2246; x_wconf 79' lang='lat' dir='ltr'>Graeci</span> <span class='ocrx_word' id='word_1_162' title='bbox 992 2183 1167 2264; x_wconf 87' lang='lat' dir='ltr'>porthmon</span> 
     </span>
     <span class='ocr_line' id='line_1_23' title="bbox 151 2267 1167 2354; baseline -0.001 -18"><span class='ocrx_word' id='word_1_163' title='bbox 151 2270 330 2354; x_wconf 79' lang='lat' dir='ltr'>appellant.</span> <span class='ocrx_word' id='word_1_164' title='bbox 376 2291 440 2354; x_wconf 90' lang='lat' dir='ltr'>qua</span> <span class='ocrx_word' id='word_1_165' title='bbox 462 2268 651 2335; x_wconf 87' lang='lat' dir='ltr'>diffunditur</span> <span class='ocrx_word' id='word_1_166' title='bbox 679 2268 745 2334; x_wconf 88' lang='lat' dir='ltr'>alia</span> <span class='ocrx_word' id='word_1_167' title='bbox 767 2269 841 2346; x_wconf 81' lang='lat' dir='ltr'>aliis</span> <span class='ocrx_word' id='word_1_168' title='bbox 864 2267 944 2333; x_wconf 90' lang='lat' dir='ltr'>locis</span> <span class='ocrx_word' id='word_1_169' title='bbox 972 2271 1167 2354; x_wconf 83' lang='lat' dir='ltr'>cognomina</span> 
     </span>
     <span class='ocr_line' id='line_1_24' title="bbox 151 2355 1166 2444; baseline -0.006 -14"><span class='ocrx_word' id='word_1_170' title='bbox 151 2361 308 2444; x_wconf 77' lang='lat' dir='ltr'>acceptat.</span> <span class='ocrx_word' id='word_1_171' title='bbox 352 2358 409 2424; x_wconf 89' lang='lat' dir='ltr'>ubi</span> <span class='ocrx_word' id='word_1_172' title='bbox 431 2357 571 2443; x_wconf 83' lang='lat' dir='ltr'>primum</span> <span class='ocrx_word' id='word_1_173' title='bbox 595 2378 629 2423; x_wconf 92' lang='lat' dir='ltr'>se</span> <span class='ocrx_word' id='word_1_174' title='bbox 658 2361 746 2428; x_wconf 71' lang='lat' dir='ltr'>artat</span> <span class='ocrx_word' id='word_1_175' title='bbox 767 2355 999 2441; x_wconf 83' lang='lat' dir='ltr'>Hellespontus</span> <span class='ocrx_word' id='word_1_176' title='bbox 1023 2361 1166 2444; x_wconf 80' lang='lat' dir='ltr'>vocetur,</span> 
     </span>
     <span class='ocr_line' id='line_1_25' title="bbox 150 2445 1206 2532; baseline -0.007 -20"><span class='ocrx_word' id='word_1_177' title='bbox 150 2447 325 2532; x_wconf 89' lang='lat' dir='ltr'>Propontis</span> <span class='ocrx_word' id='word_1_178' title='bbox 352 2447 410 2514; x_wconf 89' lang='lat' dir='ltr'>ubi</span> <span class='ocrx_word' id='word_1_179' title='bbox 438 2445 605 2532; x_wconf 82' lang='lat' dir='ltr'>expendit,</span> <span class='ocrx_word' id='word_1_180' title='bbox 631 2445 689 2512; x_wconf 88' lang='lat' dir='ltr'>ubi</span> <span class='ocrx_word' id='word_1_181' title='bbox 715 2445 833 2512; x_wconf 89' lang='lat' dir='ltr'>iterum</span> <span class='ocrx_word' id='word_1_182' title='bbox 861 2445 981 2530; x_wconf 86' lang='lat' dir='ltr'>pressit</span> <span class='ocrx_word' id='word_1_183' title='bbox 1008 2445 1165 2517; x_wconf 84' lang='lat' dir='ltr'>Thracius</span> <span class='ocrx_word' id='word_1_184' title='bbox 1180 2465 1206 2506; x_wconf 78' lang='lat' dir='ltr'>ss</span> 
     </span>
     <span class='ocr_line' id='line_1_26' title="bbox 150 2532 1166 2620; baseline 0.001 -19"><span class='ocrx_word' id='word_1_185' title='bbox 150 2534 356 2620; x_wconf 88' lang='lat' dir='ltr'>Bosphorus,</span> <span class='ocrx_word' id='word_1_186' title='bbox 386 2536 444 2603; x_wconf 89' lang='lat' dir='ltr'>ubi</span> <span class='ocrx_word' id='word_1_187' title='bbox 470 2537 588 2602; x_wconf 90' lang='lat' dir='ltr'>iterum</span> <span class='ocrx_word' id='word_1_188' title='bbox 618 2534 731 2603; x_wconf 85' lang='lat' dir='ltr'>effudit</span> <span class='ocrx_word' id='word_1_189' title='bbox 757 2533 882 2601; x_wconf 84' lang='lat' dir='ltr'>Pontus</span> <span class='ocrx_word' id='word_1_190' title='bbox 908 2532 1071 2620; x_wconf 82' lang='lat' dir='ltr'>Euxinus,</span> <span class='ocrx_word' id='word_1_191' title='bbox 1102 2558 1166 2620; x_wconf 87' lang='lat' dir='ltr'>qua</span> 
     </span>
     <span class='ocr_line' id='line_1_27' title="bbox 150 2621 1166 2708; baseline 0 -19"><span class='ocrx_word' id='word_1_192' title='bbox 150 2623 262 2707; x_wconf 80' lang='lat' dir='ltr'>paludi</span> <span class='ocrx_word' id='word_1_193' title='bbox 285 2625 500 2691; x_wconf 85' lang='lat' dir='ltr'>committitur</span> <span class='ocrx_word' id='word_1_194' title='bbox 523 2621 717 2688; x_wconf 78' lang='lat' dir='ltr'>Cimmerius</span> <span class='ocrx_word' id='word_1_195' title='bbox 740 2622 948 2708; x_wconf 87' lang='lat' dir='ltr'>Bosphorus,</span> <span class='ocrx_word' id='word_1_196' title='bbox 975 2624 1071 2707; x_wconf 72' lang='lat' dir='ltr'>psius</span> <span class='ocrx_word' id='word_1_197' title='bbox 1093 2625 1166 2708; x_wconf 85' lang='lat' dir='ltr'>ipss</span> 
     </span>
    </p>

    <p class='ocr_par' dir='ltr' id='par_1_7' title="bbox 116 2709 1206 2973">
     <span class='ocr_line' id='line_1_28' title="bbox 116 2709 1165 2796; baseline 0 -18"><span class='ocrx_word' id='word_1_198' title='bbox 116 2728 132 2778; x_wconf 85' lang='lat'>8</span> <span class='ocrx_word' id='word_1_199' title='bbox 150 2709 298 2778; x_wconf 85' lang='lat' dir='ltr'>Maeotis.</span> <span class='ocrx_word' id='word_1_200' title='bbox 342 2711 406 2778; x_wconf 91' lang='lat' dir='ltr'>boo</span> <span class='ocrx_word' id='word_1_201' title='bbox 428 2712 511 2779; x_wconf 84' lang='lat' dir='ltr'>mari</span> <span class='ocrx_word' id='word_1_202' title='bbox 534 2715 568 2776; x_wconf 90' lang='lat' dir='ltr'>et</span> <span class='ocrx_word' id='word_1_203' title='bbox 584 2711 710 2777; x_wconf 91' lang='lat' dir='ltr'>duobus</span> <span class='ocrx_word' id='word_1_204' title='bbox 728 2711 858 2777; x_wconf 90' lang='lat' dir='ltr'>inclutis</span> <span class='ocrx_word' id='word_1_205' title='bbox 877 2710 1037 2796; x_wconf 82' lang='lat' dir='ltr'>amnibus,</span> <span class='ocrx_word' id='word_1_206' title='bbox 1060 2710 1165 2778; x_wconf 79' lang='lat' dir='ltr'>&#39;Penei</span> 
     </span>
     <span class='ocr_line' id='line_1_29' title="bbox 152 2797 1200 2885; baseline 0 -20"><span class='ocrx_word' id='word_1_207' title='bbox 152 2803 248 2884; x_wconf 82' lang='lat' dir='ltr'>etque</span> <span class='ocrx_word' id='word_1_208' title='bbox 270 2798 362 2885; x_wconf 89' lang='lat' dir='ltr'>Nilo,</span> <span class='ocrx_word' id='word_1_209' title='bbox 384 2800 418 2865; x_wconf 95' lang='lat' dir='ltr'>in</span> <span class='ocrx_word' id='word_1_210' title='bbox 440 2803 508 2869; x_wconf 88' lang='lat' dir='ltr'>tres</span> <span class='ocrx_word' id='word_1_211' title='bbox 530 2802 640 2883; x_wconf 84' lang='lat' dir='ltr'>partes</span> <span class='ocrx_word' id='word_1_212' title='bbox 662 2799 815 2865; x_wconf 82' lang='lat' dir='ltr'>universe</span> <span class='ocrx_word' id='word_1_213' title='bbox 837 2797 1000 2864; x_wconf 84' lang='lat' dir='ltr'>dividitur.</span> <span class='ocrx_word' id='word_1_214' title='bbox 1045 2799 1165 2865; x_wconf 83' lang='lat' dir='ltr'>Tanais</span> <span class='ocrx_word' id='word_1_215' title='bbox 1197 2805 1200 2810; x_wconf 86' lang='grc'><strong>’</strong></span> 
     </span>
     <span class='ocr_line' id='line_1_30' title="bbox 152 2886 1206 2973; baseline 0.001 -19"><span class='ocrx_word' id='word_1_216' title='bbox 152 2911 172 2954; x_wconf 84' lang='lat' dir='ltr'>s</span> <span class='ocrx_word' id='word_1_217' title='bbox 195 2889 414 2973; x_wconf 82' lang='lat' dir='ltr'>septentrione</span> <span class='ocrx_word' id='word_1_218' title='bbox 442 2888 484 2953; x_wconf 84' lang='lat' dir='ltr'>ad</span> <span class='ocrx_word' id='word_1_219' title='bbox 506 2887 674 2953; x_wconf 91' lang='lat' dir='ltr'>meridiem</span> <span class='ocrx_word' id='word_1_220' title='bbox 696 2905 845 2972; x_wconf 86' lang='lat' dir='ltr'>vergens,</span> <span class='ocrx_word' id='word_1_221' title='bbox 873 2887 907 2952; x_wconf 95' lang='lat' dir='ltr'>in</span> <span class='ocrx_word' id='word_1_222' title='bbox 934 2886 1076 2955; x_wconf 83' lang='lat' dir='ltr'>mediam</span> <span class='ocrx_word' id='word_1_223' title='bbox 1098 2887 1166 2955; x_wconf 84' lang='lat' dir='ltr'>fere</span> <span class='ocrx_word' id='word_1_224' title='bbox 1180 2906 1206 2947; x_wconf 68' lang='grc' dir='ltr'>ω</span> 
     </span>
    </p>
   </div>
   <div class='ocr_carea' id='block_1_3' title="bbox 151 2973 1166 3062">
    <p class='ocr_par' dir='ltr' id='par_1_8' title="bbox 151 2973 1166 3062">
     <span class='ocr_line' id='line_1_31' title="bbox 151 2973 1166 3062; baseline 0 -17"><span class='ocrx_word' id='word_1_225' title='bbox 151 2976 318 3047; x_wconf 82' lang='lat' dir='ltr'>Maeotida</span> <span class='ocrx_word' id='word_1_226' title='bbox 337 2977 463 3062; x_wconf 80' lang='lat' dir='ltr'>defluit3</span> <span class='ocrx_word' id='word_1_227' title='bbox 483 2981 515 3044; x_wconf 90' lang='lat' dir='ltr'>et</span> <span class='ocrx_word' id='word_1_228' title='bbox 535 2997 573 3043; x_wconf 84' lang='lat' dir='ltr'>ex</span> <span class='ocrx_word' id='word_1_229' title='bbox 592 2975 720 3042; x_wconf 88' lang='lat' dir='ltr'>diverso</span> <span class='ocrx_word' id='word_1_230' title='bbox 734 2973 830 3042; x_wconf 89' lang='lat' dir='ltr'>Nilus</span> <span class='ocrx_word' id='word_1_231' title='bbox 848 2975 883 3040; x_wconf 90' lang='lat' dir='ltr'>in</span> <span class='ocrx_word' id='word_1_232' title='bbox 900 2976 1045 3062; x_wconf 70' lang='lat' dir='ltr'>pelagus.</span> <span class='ocrx_word' id='word_1_233' title='bbox 1082 2977 1166 3062; x_wconf 90' lang='lat' dir='ltr'>quod</span> 
     </span>
    </p>
   </div>
   <div class='ocr_carea' id='block_1_4' title="bbox 150 3201 1215 3504">
    <p class='ocr_par' dir='ltr' id='par_1_9' title="bbox 150 3201 1215 3504">
     <span class='ocr_line' id='line_1_32' title="bbox 223 3201 1164 3273; baseline -0.003 -14"><span class='ocrx_word' id='word_1_234' title='bbox 223 3211 247 3259; x_wconf 84' lang='lat'>1.</span> <span class='ocrx_word' id='word_1_235' title='bbox 263 3201 416 3272; x_wconf 89' lang='lat' dir='ltr'>eodemque</span> <span class='ocrx_word' id='word_1_236' title='bbox 431 3218 500 3260; x_wconf 83' lang='lat' dir='ltr'>corr.</span> <span class='ocrx_word' id='word_1_237' title='bbox 514 3205 547 3259; x_wconf 79' lang='lat' dir='ltr'>iu</span> <span class='ocrx_word' id='word_1_238' title='bbox 561 3203 715 3272; x_wconf 86' lang='lat' dir='ltr'>eademque</span> <span class='ocrx_word' id='word_1_239' title='bbox 729 3203 769 3259; x_wconf 86' lang='lat' dir='ltr'>A¹</span> <span class='ocrx_word' id='word_1_240' title='bbox 785 3202 938 3273; x_wconf 90' lang='lat' dir='ltr'>eodemque</span> <span class='ocrx_word' id='word_1_241' title='bbox 954 3202 1067 3260; x_wconf 72' lang='lat' dir='ltr'>Vinctos</span> <span class='ocrx_word' id='word_1_242' title='bbox 1104 3208 1127 3257; x_wconf 92' lang='lat'>1.</span> <span class='ocrx_word' id='word_1_243' title='bbox 1140 3208 1164 3256; x_wconf 81' lang='lat'>2.</span> 
     </span>
     <span class='ocr_line' id='line_1_33' title="bbox 150 3276 1164 3364; baseline -0.001 -17"><span class='ocrx_word' id='word_1_244' title='bbox 150 3290 341 3364; x_wconf 75' lang='lat' dir='ltr'>hemispheria</span> <span class='ocrx_word' id='word_1_245' title='bbox 357 3293 386 3347; x_wconf 92' lang='lat' dir='ltr'><strong><em>A</em></strong></span> <span class='ocrx_word' id='word_1_246' title='bbox 459 3297 483 3346; x_wconf 84' lang='lat' dir='ltr'>t.</span> <span class='ocrx_word' id='word_1_247' title='bbox 502 3290 681 3347; x_wconf 84' lang='lat' dir='ltr'>antiothones</span> <span class='ocrx_word' id='word_1_248' title='bbox 699 3292 727 3346; x_wconf 96' lang='lat' dir='ltr'><strong><em>A</em></strong></span> <span class='ocrx_word' id='word_1_249' title='bbox 800 3299 841 3347; x_wconf 85' lang='grc'>19.</span> <span class='ocrx_word' id='word_1_250' title='bbox 866 3276 972 3363; x_wconf 66' lang='lat' dir='ltr'>magnit</span> <span class='ocrx_word' id='word_1_251' title='bbox 989 3291 1017 3345; x_wconf 95' lang='lat' dir='ltr'><strong><em>A</em></strong></span> <span class='ocrx_word' id='word_1_252' title='bbox 1035 3291 1164 3346; x_wconf 67' lang='lat' dir='ltr'>lusum</span> 
     </span>
     <span class='ocr_line' id='line_1_34' title="bbox 151 3360 1163 3433; baseline -0.005 -12"><span class='ocrx_word' id='word_1_253' title='bbox 151 3365 286 3421; x_wconf 66' lang='lat' dir='ltr'>dedicavit</span> <span class='ocrx_word' id='word_1_254' title='bbox 305 3363 431 3419; x_wconf 69' lang='lat' dir='ltr'>Bursian</span> <span class='ocrx_word' id='word_1_255' title='bbox 480 3368 522 3417; x_wconf 76' lang='lat'>22.</span> <span class='ocrx_word' id='word_1_256' title='bbox 541 3363 673 3433; x_wconf 79' lang='lat' dir='ltr'>pertrnon</span> <span class='ocrx_word' id='word_1_257' title='bbox 691 3364 720 3418; x_wconf 90' lang='lat' dir='ltr'><strong><em>A</em></strong></span> <span class='ocrx_word' id='word_1_258' title='bbox 736 3362 888 3433; x_wconf 79' lang='lat' dir='ltr'>porthmon</span> <span class='ocrx_word' id='word_1_259' title='bbox 905 3381 927 3420; x_wconf 72' lang='lat' dir='ltr'>:c</span> <span class='ocrx_word' id='word_1_260' title='bbox 984 3367 1027 3418; x_wconf 75' lang='lat'>28.</span> <span class='ocrx_word' id='word_1_261' title='bbox 1047 3360 1163 3429; x_wconf 81' lang='lat' dir='ltr'>inclytis</span> 
     </span>
     <span class='ocr_line' id='line_1_35' title="bbox 150 3433 1215 3504; baseline -0.002 -13"><span class='ocrx_word' id='word_1_262' title='bbox 150 3434 179 3491; x_wconf 83' lang='lat' dir='ltr'><strong><em>A</em></strong></span> <span class='ocrx_word' id='word_1_263' title='bbox 251 3433 526 3493; x_wconf 79' lang='lat' dir='ltr'>a1.mee0udamA</span> <span class='ocrx_word' id='word_1_264' title='bbox 598 3433 703 3504; x_wconf 71' lang='lat' dir='ltr'>qotA&#39;</span> <span class='ocrx_word' id='word_1_265' title='bbox 1212 3463 1215 3471; x_wconf 96' lang='lat'><em>·</em></span> 
     </span>
    </p>
   </div>
   <div class='ocr_carea' id='block_1_5' title="bbox 0 0 1260 3824">
    <p class='ocr_par' dir='ltr' id='par_1_10' title="bbox 0 0 1260 3824">
     <span class='ocr_line' id='line_1_36' title="bbox 0 0 1260 3824; baseline 0 1"><span class='ocrx_word' id='word_1_266' title='bbox 0 0 1260 3824; x_wconf 95' lang='lat' dir='ltr'> </span> 
     </span>
    </p>
   </div>
  </div>
 </body>
</html>
