2512 3824
399 211 580 269 onolacco.
600 214 656 268 11.
676 219 692 269 4
713 215 842 285 (ss-48)
1091 213 1130 276 11

117 381 214 462 potus
238 380 289 441 est
312 377 363 441 144
388 395 546 461 sucusque
569 376 732 440 bacarum.
778 374 869 441 cibus
892 380 1041 443 4444414
1063 377 1134 461 plu·

117 467 238 532 rimum
260 464 377 530 ferina:
404 484 482 528 nam
505 463 673 550 gregibus,
701 464 778 548 quia
800 464 833 528 id
861 465 967 529 solum
989 467 1134 550 opimum
1152 480 1186 528 41

118 558 182 637 444,
210 553 296 638 quod
322 555 434 637 potest
459 553 614 636 parcitur.
659 552 830 617 interiores
853 553 1005 619 incultius
1034 555 1133 620 etiam

118 645 270 707 secuntur
292 641 369 728 vagi
392 662 524 726 pecora,
551 644 650 727 utque
674 663 694 706 a
715 640 838 726 pabulo
866 641 965 706 dueta
987 647 1063 708 sunt
1085 643 1133 708 ita

92 749 153 795 sse
181 751 218 795 44
245 731 378 815 tuguria
405 752 465 795 sua
486 733 692 815 promovent,
721 734 818 816 atque
845 729 903 794 ubi
930 729 998 794 dies
1026 731 1134 797 deficit

118 818 166 883 ibi
191 822 323 885 noctem
351 814 461 904 agunt.
507 839 690 903 quanquam
717 818 752 884 in
779 817 920 883 familias
948 818 1072 902 passim
1100 823 1134 884 et

119 906 188 971 sine
207 907 280 994 lege
299 907 437 991 dispersi
456 907 538 972 nihil
557 908 780 973 incommune
804 906 1000 991 consultant,
1022 911 1135 974 444144

120 995 197 1079 quia
220 986 359 1082 singtilis
387 996 514 1081 aliquot
536 995 634 1060 simul
658 996 812 1080 coniuges
842 1000 874 1060 et
897 996 1007 1080 plures
1031 996 1073 1062 ob
1101 995 1134 1060 id

118 1083 214 1149 liberi
242 1084 439 1170 adgnatique
468 1087 545 1150 sunt
576 1105 737 1169 nusquam
769 1084 873 1168 pauci.
924 1106 962 1150 411
994 1082 1045 1149 1144
1078 1084 1134 1170 qui
1152 1099 1186 1148 43

79 1173 205 1238 1441414
233 1172 361 1238 deserta
388 1194 458 1238 esse
485 1175 707 1238 memorantur
734 1171 888 1238 Atlantes
915 1173 1018 1238 solem
1046 1194 1133 1238 exse·

118 1265 250 1326 orantur
268 1265 300 1326 et
318 1263 396 1326 dum
415 1260 519 1326 oritur
537 1263 570 1326 et
593 1261 669 1326 dum
688 1261 806 1327 occidit
823 1264 861 1326 ut
878 1260 959 1344 ipsis
983 1262 1134 1348 agrisque

119 1349 319 1432 pestiferum.
350 1350 483 1414 nomina
502 1349 623 1434 singuli
640 1371 708 1415 444
721 1349 856 1433 11411444,
874 1371 942 1415 444
959 1355 1135 1416 vescuntur

119 1436 329 1520 animalibus,
351 1458 456 1521 neque
474 1437 541 1502 illis
564 1438 599 1502 in
617 1439 726 1522 quiete
745 1437 855 1521 qualia
877 1437 992 1502 ceteris
1016 1442 1135 1503 144144

120 1524 206 1589 libus
229 1525 334 1590 visere
353 1526 456 1590 (144111.
497 1526 693 1611 trogodytae
710 1525 873 1590 nullarum
892 1547 993 1609 opum
1011 1525 1135 1590 domini
1153 1541 1189 1589 44

80 1633 105 1673 15
120 1612 257 1678 strident
283 1614 388 1700 magis
417 1635 514 1698 quam
542 1614 707 1696 locuntur,
734 1633 848 1697 specus
877 1613 1017 1678 subeunt
1044 1613 1135 1679 alun-

118 1705 234 1786 turque
258 1702 471 1787 serpentibus.
517 1701 602 1786 apud
626 1700 844 1767 Garamantas
868 1701 966 1766 etiam
990 1706 1188 1768 4141444444

118 1793 195 1855 41144
226 1812 326 1875 eaque
362 1790 495 1878 obliqua
526 1791 649 1856 cervice
684 1793 873 1875 pascuntur,
908 1811 986 1855 4414
1021 1791 1134 1875 pronis

119 1877 243 1944 directa
265 1881 299 1943 in
322 1879 457 1945 humum
478 1899 599 1945 cornua
626 1878 783 1945 officiunt.
827 1877 910 1944 nulli
937 1882 1026 1944 44144
1055 1901 1135 1945 uxor

119 1969 179 2031 est.
224 1967 336 2031 4111144
360 1968 415 2051 qui
436 1971 507 2032 tam
530 1966 664 2033 44411144
692 1967 877 2051 parentium
900 1967 988 2032 coitu
1010 1967 1136 2050 passim

78 2074 105 2120 14
118 2053 296 2138 incertique
332 2058 510 2120 nascuntur
545 2076 626 2139 quos
662 2075 722 2139 pro
759 2055 827 2120 suis
864 2054 974 2119 441444
1009 2054 1135 2121 formae

119 2141 332 2208 similitudine
359 2146 548 2229 agnoscunt.
594 2143 734 2229 Augilae
762 2163 874 2208 manes
901 2145 1029 2208 tantum
1056 2143 1134 2209 deos
1153 2159 1188 2208 44

118 2234 248 2315 putant,
277 2253 336 2316 per
363 2252 419 2298 eos
447 2231 608 2317 deiurant,
640 2252 696 2299 eos
727 2233 765 2297 ut
791 2231 923 2297 oracula
953 2233 1135 2318 consulunt,

117 2320 305 2406 precatique
338 2341 420 2405 quae
451 2321 579 2404 volunt,
610 2320 667 2385 ubi
693 2320 829 2385 tumulis
856 2319 1043 2404 incubuere,
1073 2342 1135 2404 pro

118 2409 282 2492 responsis
305 2409 416 2474 ferunt
438 2409 573 2475 somnia.
617 2407 749 2474 feminis
770 2429 880 2474 eorum
904 2409 1061 2474 sollemne
1084 2411 1135 2473 est

79 2513 105 2556 14
118 2500 213 2562 44444
245 2517 310 2583 qua
341 2496 469 2562 nubunt
501 2497 645 2563 omnium
677 2500 793 2582 stupro
824 2500 936 2580 patore
973 2497 1029 2581 qui
1061 2517 1135 2563 cum

119 2605 250 2649 munere
273 2584 474 2668 advenerint,
502 2588 536 2651 44
556 2587 628 2650 tum
651 2605 725 2651 cum
746 2585 898 2670 plurimis
923 2585 1134 2652 concubuisse

117 2673 296 2738 maximum
309 2672 416 2756 decus,
434 2673 621 2739 4414144414
639 2673 797 2759 pudicitia
809 2674 947 2758 insignis
967 2677 1026 2739 est.
1056 2673 1135 2739 nudi
1153 2688 1187 2737 41

118 2765 195 2827 sunt
217 2759 478 2846 Gamphasantes
508 2780 734 2847 armorumque
757 2763 902 2828 omnium
925 2763 1046 2847 ignari3
1074 2783 1134 2827 444

119 2849 221 2915 vitare
246 2851 352 2916 sciunt
373 2850 442 2916 tela
464 2870 523 2916 nec
545 2851 663 2929 iacere,
690 2851 827 2936 ideoque
854 2851 968 2916 obvios
995 2849 1134 2935 fugiunt,

79 2954 106 2996 co
119 2957 222 3022 neque
259 2939 396 3005 aliorum
429 2960 526 3024 quam
562 2938 679 3025 quibus
716 2939 802 3003 idem
839 2937 964 3022 ingenii
996 2940 1046 3002 est
1077 2940 1134 3002 4114

120 3046 312 3112 congressus
339 3032 396 3093 aut
422 3028 596 3113 conloquia
623 3028 803 3112 patiuntur.
852 3024 996 3109 Blemyis
1025 3025 1134 3110 capita
1152 3040 1186 3090 48

190 3206 214 3256 4.
239 3202 371 3255 secuntur
392 3201 434 3256 4¹
461 3202 615 3271 sequuntur
636 3200 678 3255 A·
754 3206 779 3256 4.
803 3198 841 3255 ad
867 3197 981 3270 tuguria
1004 3198 1031 3252 A
1109 3205 1133 3254 6.

118 3286 279 3340 quanquam
301 3271 342 3326 Αι
364 3288 433 3328 corr.
508 3279 550 3328 10.
569 3271 749 3327 exsecrantur
770 3271 812 3353 ᾼῑ
835 3270 1000 3350 execrantur
1022 3267 1063 3322 A·

120 3342 542 3424 1414444441141141414441
559 3342 601 3397 4²
673 3348 716 3397 2⁷.
734 3342 851 3423 rebeum
870 3340 911 3395 Αι
933 3339 1073 3420 reliquum
1092 3338 1135 3396 4¹

121 3482 151 3537 bl
189 3412 375 3538 mgffsbpst
392 3414 434 3495 4¹
452 3431 520 3469 corr.
595 3419 638 3468 31,
657 3411 789 3480 44414414
812 3411 851 3465 11¹
875 3409 1008 3476 44114414
1032 3410 1069 3460 a*

153 3499 246 3554 emyes
342 3499 430 3554 empus
448 3501 465 3541 4
