2512 3824
128 172 172 237 40
478 167 802 226 consensurum

128 333 274 398 Taenaro
307 329 456 415 Neptuni,
483 332 643 416 templum
673 339 706 395 et
737 351 869 414 specus,
902 328 953 393 illi
984 349 1081 413 quern
1113 330 1150 395 in

128 422 234 486 Ponto
266 419 484 485 Acherusium
520 419 661 486 diximus
693 417 776 485 facie
808 422 841 484 et
872 416 984 482 fabula
1021 418 1149 502 similis,

128 510 163 574 in
185 508 327 575 Asinaeo
355 508 475 575 flumen
502 508 686 592 Pamisum,
712 507 748 572 in
775 504 962 591 Cyparissio
989 504 1149 590 Alpheus.

128 618 248 662 nomen
270 597 359 662 dedit
381 598 460 663 urhe
483 597 518 661 in
541 596 637 662 litore
660 597 737 680 sita,
764 595 839 660 huic
862 592 1070 680 Cyparissos,
1096 595 1149 659 illi

76 705 109 755 aa
130 686 239 750 Asine.
285 685 441 752 Messenii
458 684 608 769 Pyliique
628 687 734 750 terras
752 684 864 749 colunt
886 686 920 749 et
937 683 1011 767 ipsa
1029 683 1177 767 pelagos

129 773 230 858 Pylos
253 775 386 839 adiacet.
432 771 575 858 Cyllene,
598 769 779 856 Callipolis,
801 771 921 837 Patrae
939 791 1033 837 oram
1054 771 1148 836 illam

128 866 241 927 tenent
264 863 298 928 in
321 884 419 946 quam
443 859 639 927 Chelonates
667 866 701 926 ot
722 859 850 927 Araxos
873 862 1063 943 excurrunt,
1091 859 1148 925 aed

129 947 263 1034 Cyllene
295 949 381 1034 quod
413 949 611 1016 Mercurium
642 949 690 1015 ibi
721 951 836 1015 natum
868 948 1068 1013 arbitrantur
1100 949 1148 1013 in·

93 1090 97 1095 .
129 1039 241 1124 signis.
286 1038 396 1104 Rhion
424 1038 553 1122 deinde,
581 1038 681 1107 meris
709 1037 744 1102 id
769 1058 890 1103 noman
912 1040 976 1121 est,
1005 1043 1145 1120 auguste

129 1131 162 1190 et
176 1127 266 1192 velut
278 1127 364 1194 freto
378 1126 466 1193 latus
482 1148 557 1192 orae
571 1126 735 1209 sequentis
749 1124 895 1191 incidens
908 1126 995 1191 inter
1004 1124 1145 1190 Aetolos
1160 1146 1188 1186 ro

76 1235 109 1284 53
130 1219 163 1279 et
181 1212 475 1299 Peloponnesiacos
494 1236 595 1300 usque
623 1214 664 1280 ad
681 1213 832 1282 Isthmon
851 1213 1016 1297 inrumpit.
1055 1213 1090 1279 in
1109 1234 1148 1279 eo

130 1302 171 1368 ad
195 1304 433 1387 septentriones
458 1307 605 1387 spectare
627 1303 728 1369 litora
749 1302 918 1386 incipiunt.
964 1302 998 1367 in
1020 1301 1074 1367 his
1097 1306 1149 1367 est

128 1391 259 1477 Aegion
282 1394 315 1455 et
336 1391 460 1476 Aegira
482 1395 515 1456 et
538 1390 655 1474 Olyros
679 1395 713 1456 et
736 1389 865 1474 Sicyon,
889 1395 925 1455 at
946 1391 981 1455 in
1003 1389 1148 1456 adversis

129 1479 254 1565 Pagae,
276 1476 420 1564 Cressis,
443 1479 615 1564 Anticyra,
637 1479 812 1564 Oeanthia,
838 1477 955 1546 Cirrha
983 1481 1017 1543 et
1037 1479 1149 1544 notior

130 1568 299 1652 aliquanto
318 1569 450 1635 nomine
469 1567 616 1653 Calydon
639 1572 673 1633 et
689 1568 819 1634 Euenos
838 1571 932 1632 extra
949 1565 1067 1633 Rhion.
1113 1567 1149 1633 in
1162 1588 1189 1630 rs

129 1657 317 1723 Acarnania
334 1657 475 1726 maxime
493 1659 582 1724 clara
601 1661 678 1723 sunt
699 1657 854 1741 oppidum
873 1655 1005 1738 Leucas,
1028 1655 1148 1720 flumen

76 1765 110 1814 54
129 1743 303 1810 Achelous.
344 1746 378 1811 iu
400 1745 502 1828 Epiro
524 1745 607 1810 nihil
626 1744 803 1810 Ambracio
826 1745 901 1810 sinu
923 1743 1064 1810 nobilius
1089 1748 1148 1809 est.

128 1831 208 1897 facit
231 1833 320 1896 sinus
334 1832 400 1917 'qui
422 1833 570 1917 angustis
592 1832 741 1901 faucibus
765 1836 799 1897 et
822 1855 905 1917 quae
928 1833 1036 1899 minus
1057 1832 1148 1898 mille

128 1920 279 2004 passibus
298 1924 432 2004 pateant
445 1921 567 2006 grande
580 1923 717 2006 pelagus
732 1920 889 2004 admittit,
905 1921 1032 1986 faciunt
1049 1921 1146 1986 urbes

129 2031 211 2093 quae
234 2008 395 2075 adsident:
422 2009 569 2095 Actium,
591 2010 675 2094 Argi
697 2009 937 2095 Amphilochii,
961 2008 1147 2094 Ambracia,
1161 2031 1188 2072 ao

128 2097 344 2163 Aeacidarum
380 2099 473 2184 regia
507 2098 697 2184 Pyrrhique.
755 2098 921 2165 Butroton
961 2099 1050 2163 ultra
1086 2101 1147 2182 ast,

130 2186 245 2251 deinde
264 2184 415 2251 Ceraunii
437 2191 583 2270 montes,
605 2187 646 2252 ab
670 2186 721 2251 his
745 2187 845 2253 flexus
869 2190 920 2252 est
937 2186 972 2251 in
989 2185 1146 2253 Hadrian.

76 2293 109 2343 55
129 2273 191 2338 hoo
219 2294 310 2341 mare
336 2294 457 2358 magno
483 2294 613 2340 recessu
639 2275 774 2340 litorum
796 2280 965 2360 acceptum
994 2278 1026 2340 et
1053 2277 1145 2338 vaste

129 2361 260 2447 quidem
291 2362 326 2427 in
357 2362 565 2431 latitudinem
595 2367 728 2448 patens,
758 2386 822 2448 qua
853 2366 1003 2448 penetrat
1033 2365 1146 2427 tamen

127 2451 271 2535 vastius,
306 2450 449 2537 Illyricis
486 2473 588 2536 usque
621 2452 833 2538 Tergestum,
868 2456 977 2519 cetera
1008 2450 1144 2518 Callicis
1160 2472 1187 2514 ra

126 2538 314 2623 Italicisque
342 2541 494 2626 gentibus
523 2541 674 2625 cingitur.
724 2541 881 2608 Partheni
908 2545 940 2607 et
966 2539 1145 2606 Dasaretae

150 2787 152 2791 ,
198 2736 223 2785 3.
251 2746 410 2800 panypsum
441 2732 469 2784 A
500 2731 643 2787 Pamisum
680 2733 793 2790 Vossius
878 2739 902 2788 4.
941 2731 1085 2803 cyparisso
1118 2731 1146 2784 A

129 2800 290 2873 Cyparissos
318 2803 417 2872 scripsi
492 2808 518 2857 ὃ.
545 2802 668 2859 messeni
694 2804 722 2858 A
799 2810 824 2859 6.
852 2801 962 2874 patriae
990 2803 1018 2856 A
1045 2801 1146 2857 Patrae

125 2889 142 2928 v
211 2879 236 2929 9.
255 2871 344 2942 phion
362 2873 390 2927 A
409 2871 504 2932 aaron
520 2891 541 2930 a
613 2881 654 2930 10.
675 2874 801 2944 sequenti
821 2875 848 2928 A
869 2891 898 2929 se
919 2872 1012 2928 uentis
1032 2871 1146 2929 Vossius

182 2951 223 2999 11.
243 2943 440 3014 imampicxm
458 2943 591 3015 irrumpit
606 2945 648 3000 A·
704 2952 744 3000 13.
766 2944 846 3000 scion
862 2945 890 2998 A
929 2943 1013 3012 icyon
1030 2961 1050 3000 o
1103 2950 1146 2998 14.

128 3015 261 3070 chirraA
335 3021 376 3071 15.
396 3015 580 3085 chalydonA
652 3014 897 3089 1'1.s<inu>(inn
914 3017 978 3071 odd.
998 3014 1093 3083 ΔΜ

129 3089 171 3140 18.
197 3084 310 3154 angusti
332 3085 367 3157 s>
389 3087 418 3142 A
440 3089 464 3157 (a
487 3089 520 3144 ia
541 3104 597 3144 rus.
621 3093 641 3145 2
665 3089 717 3144 litt.
741 3089 805 3144 odd.
824 3086 875 3155 Aa)
948 3085 1147 3142 themidem

128 3157 156 3211 A
170 3155 302 3212 adsident
343 3160 443 3213 armon
484 3157 673 3228 amphilochii
686 3158 714 3212 A
729 3155 923 3228 Amphilochii
938 3156 1084 3212 Vedianas

127 3227 290 3283 ambrachia
308 3228 337 3282 A
408 3235 452 3287 21.
470 3242 559 3298 regna
576 3229 605 3283 A
626 3229 707 3300 regia
729 3229 880 3284 Pincianus
951 3233 995 3282 22.
1015 3225 1149 3297 ceraunis(

126 3298 154 3352 A
208 3298 324 3354 flexibus
339 3298 468 3354 Aflexus
483 3299 664 3356 estBurss'uu
718 3305 760 3354 28.
775 3297 945 3381 magnumA
959 3313 1094 3367 magnos

127 3375 169 3426 25.
193 3371 238 3424 ter
272 3371 363 3424 estum
381 3371 409 3424 A
481 3376 524 3429 26.
543 3370 675 3440 italisque
693 3369 722 3424 A
740 3369 942 3439 Italicrsquec
1003 3366 1147 3439 parthenii

126 3439 155 3496 A
172 3438 240 3494 Part
261 3439 307 3495 eni
327 3439 482 3498 Paulinum
